@ARTICLE{2020AJ....159...65S,
       author = {{Slater}, Colin T. and {Ivezi{\'c}}, {\v{Z}}eljko and {Lupton}, Robert H.},
        title = "{Morphological Star-Galaxy Separation}",
      journal = {\aj},
     keywords = {Observational astronomy, CCD observation, Astronomical methods, 1145, 207, 1043, Astrophysics - Instrumentation and Methods for Astrophysics},
         year = 2020,
        month = feb,
       volume = {159},
       number = {2},
          eid = {65},
        pages = {65},
          doi = {10.3847/1538-3881/ab6166},
archivePrefix = {arXiv},
       eprint = {1912.08210},
 primaryClass = {astro-ph.IM},
       adsurl = {https://ui.adsabs.harvard.edu/abs/2020AJ....159...65S},
      adsnote = {Provided by the SAO/NASA Astrophysics Data System}
}
@ARTICLE{2017JInst..12C5015P,
       author = {{Park}, H.~Y. and {Nomerotski}, A. and {Tsybychev}, D.},
        title = "{Properties of tree rings in LSST sensors}",
      journal = {Journal of Instrumentation},
         year = 2017,
        month = may,
       volume = {12},
       number = {5},
        pages = {C05015},
          doi = {10.1088/1748-0221/12/05/C05015},
       adsurl = {https://ui.adsabs.harvard.edu/abs/2017JInst..12C5015P},
      adsnote = {Provided by the SAO/NASA Astrophysics Data System}
}

@article{RevModPhys.82.2307,
  title = {Nobel Lecture: The invention and early history of the CCD},
  author = {Smith, George E.},
  journal = {Rev. Mod. Phys.},
  volume = {82},
  issue = {3},
  pages = {2307--2312},
  numpages = {0},
  year = {2010},
  month = {Aug},
  publisher = {American Physical Society},
  doi = {10.1103/RevModPhys.82.2307},
  url = {https://link.aps.org/doi/10.1103/RevModPhys.82.2307}
}

@ARTICLE{2004AJ....128..502A,
       author = {{Abazajian}, Kevork and {Adelman-McCarthy}, Jennifer K. and {Ag{\"u}eros}, Marcel A. and {Allam}, Sahar S. and {Anderson}, Kurt and {Anderson}, Scott F. and {Annis}, James and {Bahcall}, Neta A. and {Baldry}, Ivan K. and {Bastian}, Steven and {Berlind}, Andreas and {Bernardi}, Mariangela and {Blanton}, Michael R. and {Bochanski}, Jr., John J. and {Boroski}, William N. and {Briggs}, John W. and {Brinkmann}, J. and {Brunner}, Robert J. and {Budav{\'a}ri}, Tam{\'a}s and {Carey}, Larry N. and {Carliles}, Samuel and {Castander}, Francisco J. and {Connolly}, A.~J. and {Csabai}, Istv{\'a}n and {Doi}, Mamoru and {Dong}, Feng and {Eisenstein}, Daniel J. and {Evans}, Michael L. and {Fan}, Xiaohui and {Finkbeiner}, Douglas P. and {Friedman}, Scott D. and {Frieman}, Joshua A. and {Fukugita}, Masataka and {Gal}, Roy R. and {Gillespie}, Bruce and {Glazebrook}, Karl and {Gray}, Jim and {Grebel}, Eva K. and {Gunn}, James E. and {Gurbani}, Vijay K. and {Hall}, Patrick B. and {Hamabe}, Masaru and {Harris}, Frederick H. and {Harris}, Hugh C. and {Harvanek}, Michael and {Heckman}, Timothy M. and {Hendry}, John S. and {Hennessy}, Gregory S. and {Hindsley}, Robert B. and {Hogan}, Craig J. and {Hogg}, David W. and {Holmgren}, Donald J. and {Ichikawa}, Shin-ichi and {Ichikawa}, Takashi and {Ivezi{\'c}}, {\v{Z}}eljko and {Jester}, Sebastian and {Johnston}, David E. and {Jorgensen}, Anders M. and {Kent}, Stephen M. and {Kleinman}, S.~J. and {Knapp}, G.~R. and {Kniazev}, Alexei Yu. and {Kron}, Richard G. and {Krzesinski}, Jurek and {Kunszt}, Peter Z. and {Kuropatkin}, Nickolai and {Lamb}, Donald Q. and {Lampeitl}, Hubert and {Lee}, Brian C. and {Leger}, R. French and {Li}, Nolan and {Lin}, Huan and {Loh}, Yeong-Shang and {Long}, Daniel C. and {Loveday}, Jon and {Lupton}, Robert H. and {Malik}, Tanu and {Margon}, Bruce and {Matsubara}, Takahiko and {McGehee}, Peregrine M. and {McKay}, Timothy A. and {Meiksin}, Avery and {Munn}, Jeffrey A. and {Nakajima}, Reiko and {Nash}, Thomas and {Neilsen}, Jr., Eric H. and {Newberg}, Heidi Jo and {Newman}, Peter R. and {Nichol}, Robert C. and {Nicinski}, Tom and {Nieto-Santisteban}, Maria and {Nitta}, Atsuko and {Okamura}, Sadanori and {O'Mullane}, William and {Ostriker}, Jeremiah P. and {Owen}, Russell and {Padmanabhan}, Nikhil and {Peoples}, John and {Pier}, Jeffrey R. and {Pope}, Adrian C. and {Quinn}, Thomas R. and {Richards}, Gordon T. and {Richmond}, Michael W. and {Rix}, Hans-Walter and {Rockosi}, Constance M. and {Schlegel}, David J. and {Schneider}, Donald P. and {Scranton}, Ryan and {Sekiguchi}, Maki and {Seljak}, Uros and {Sergey}, Gary and {Sesar}, Branimir and {Sheldon}, Erin and {Shimasaku}, Kazu and {Siegmund}, Walter A. and {Silvestri}, Nicole M. and {Smith}, J. Allyn and {Smol{\v{c}}i{\'c}}, Vernesa and {Snedden}, Stephanie A. and {Stebbins}, Albert and {Stoughton}, Chris and {Strauss}, Michael A. and {SubbaRao}, Mark and {Szalay}, Alexander S. and {Szapudi}, Istv{\'a}n and {Szkody}, Paula and {Szokoly}, Gyula P. and {Tegmark}, Max and {Teodoro}, Luis and {Thakar}, Aniruddha R. and {Tremonti}, Christy and {Tucker}, Douglas L. and {Uomoto}, Alan and {Vanden Berk}, Daniel E. and {Vandenberg}, Jan and {Vogeley}, Michael S. and {Voges}, Wolfgang and {Vogt}, Nicole P. and {Walkowicz}, Lucianne M. and {Wang}, Shu-i. and {Weinberg}, David H. and {West}, Andrew A. and {White}, Simon D.~M. and {Wilhite}, Brian C. and {Xu}, Yongzhong and {Yanny}, Brian and {Yasuda}, Naoki and {Yip}, Ching-Wa and {Yocum}, D.~R. and {York}, Donald G. and {Zehavi}, Idit and {Zibetti}, Stefano and {Zucker}, Daniel B.},
        title = "{The Second Data Release of the Sloan Digital Sky Survey}",
      journal = {\aj},
     keywords = {Atlases, Catalogs, Surveys, Astrophysics},
         year = 2004,
        month = jul,
       volume = {128},
       number = {1},
        pages = {502-512},
          doi = {10.1086/421365},
archivePrefix = {arXiv},
       eprint = {astro-ph/0403325},
 primaryClass = {astro-ph},
       adsurl = {https://ui.adsabs.harvard.edu/abs/2004AJ....128..502A},
      adsnote = {Provided by the SAO/NASA Astrophysics Data System}
}

@ARTICLE{2020ApJS..251....4W,
       author = {{Waters}, C.~Z. and {Magnier}, E.~A. and {Price}, P.~A. and {Chambers}, K.~C. and {Burgett}, W.~S. and {Draper}, P.~W. and {Flewelling}, H.~A. and {Hodapp}, K.~W. and {Huber}, M.~E. and {Jedicke}, R. and {Kaiser}, N. and {Kudritzki}, R. -P. and {Lupton}, R.~H. and {Metcalfe}, N. and {Rest}, A. and {Sweeney}, W.~E. and {Tonry}, J.~L. and {Wainscoat}, R.~J. and {Wood-Vasey}, W.~M.},
        title = "{Pan-STARRS Pixel Processing: Detrending, Warping, Stacking}",
      journal = {\apjs},
     keywords = {Astronomy data reduction, CCD observation, Sky surveys, 1861, 207, 1464, Astrophysics - Instrumentation and Methods for Astrophysics},
         year = 2020,
        month = nov,
       volume = {251},
       number = {1},
          eid = {4},
        pages = {4},
          doi = {10.3847/1538-4365/abb82b},
archivePrefix = {arXiv},
       eprint = {1612.05245},
 primaryClass = {astro-ph.IM},
       adsurl = {https://ui.adsabs.harvard.edu/abs/2020ApJS..251....4W},
      adsnote = {Provided by the SAO/NASA Astrophysics Data System}
}
@misc{2011ascl.soft01010T,
       author = {{Taylor}, Mark},
        title = "{TOPCAT: Tool for OPerations on Catalogues And Tables}",
 howpublished = {Astrophysics Source Code Library, record ascl:1101.010},
         year = 2011,
        month = jan,
          eid = {ascl:1101.010},
       adsurl = {https://ui.adsabs.harvard.edu/abs/2011ascl.soft01010T},
      adsnote = {Provided by the SAO/NASA Astrophysics Data System}
}

@INPROCEEDINGS{2014ASPC..485..277B,
       author = {{Boch}, T. and {Fernique}, P.},
        title = "{Aladin Lite: Embed your Sky in the Browser}",
    booktitle = {Astronomical Data Analysis Software and Systems XXIII},
         year = 2014,
       editor = {{Manset}, N. and {Forshay}, P.},
       series = {Astronomical Society of the Pacific Conference Series},
       volume = {485},
        month = may,
        pages = {277},
       adsurl = {https://ui.adsabs.harvard.edu/abs/2014ASPC..485..277B},
      adsnote = {Provided by the SAO/NASA Astrophysics Data System}
}

@INPROCEEDINGS{2022ASPC..532....7B,
       author = {{Baumann}, Matthieu and {Boch}, Thomas and {Pineau}, Fran{\c{c}}ois-Xavier and {Fernique}, Pierre and {Bot}, Caroline and {Allen}, Mark},
        title = "{Aladin Lite v3: Behind the Scenes of a Major Overhaul}",
    booktitle = {Astronomical Data Analysis Software and Systems XXX},
         year = 2022,
       editor = {{Ruiz}, Jose Enrique and {Pierfedereci}, Francesco and {Teuben}, Peter},
       series = {Astronomical Society of the Pacific Conference Series},
       volume = {532},
        month = jul,
        pages = {7},
       adsurl = {https://ui.adsabs.harvard.edu/abs/2022ASPC..532....7B},
      adsnote = {Provided by the SAO/NASA Astrophysics Data System}
}

@misc{2014ascl.soft02004G,
       author = {{Graham}, Matthew and {Plante}, Ray and {Tody}, Doug and {Fitzpatrick}, Mike},
        title = "{PyVO: Python access to the Virtual Observatory}",
 howpublished = {Astrophysics Source Code Library, record ascl:1402.004},
         year = 2014,
        month = feb,
          eid = {ascl:1402.004},
       adsurl = {https://ui.adsabs.harvard.edu/abs/2014ascl.soft02004G},
      adsnote = {Provided by the SAO/NASA Astrophysics Data System}
}

@ARTICLE{1983ApJ...266..713O,
       author = {{Oke}, J.~B. and {Gunn}, J.~E.},
        title = "{Secondary standard stars for absolute spectrophotometry.}",
      journal = {\apj},
     keywords = {Reference Stars, Spectral Energy Distribution, Stellar Spectrophotometry, Subdwarf Stars, Calibrating, Line Spectra, Astronomy},
         year = 1983,
        month = mar,
       volume = {266},
        pages = {713-717},
          doi = {10.1086/160817},
       adsurl = {https://ui.adsabs.harvard.edu/abs/1983ApJ...266..713O},
      adsnote = {Provided by the SAO/NASA Astrophysics Data System}
}
@article{MegiasHomar_2024,
doi = {10.3847/1538-4357/ad6cdc},
url = {https://dx.doi.org/10.3847/1538-4357/ad6cdc},
year = {2024},
month = {oct},
publisher = {The American Astronomical Society},
volume = {974},
number = {1},
pages = {108},
author = {Megias Homar, Guillem and Kahn, Steven M. and Meyers, Joshua M. and Crenshaw, John Franklin and Thomas, Sandrine J.},
title = {The Active Optics System on the Vera C. Rubin Observatory: Optimal Control of Degeneracy among the Large Number of Degrees of Freedom},
journal = {The Astrophysical Journal},
abstract = {The Vera C. Rubin Observatory is a unique facility for survey astronomy that will soon be commissioned and begin operations. Crucial to many of its scientific goals is the achievement of sustained high image quality, limited only by the seeing at the site. This will be maintained through an active optics system that controls optical element misalignments and corrects mirror figure error to minimize aberrations caused by both thermal and gravitational effects. However, the large number of adjustment degrees of freedom available on the Rubin Observatory introduces a range of degeneracies, including many that are induced by noise due to imperfect measurement of the wave-front errors. We present a structured methodology for identifying these degeneracies through an analysis of image noise level. We also present a novel scaling strategy based on truncated singular value decomposition that mitigates the degeneracy and optimally distributes the adjustment over the available degrees of freedom. Our approach ensures the attainment of optimal image quality, while avoiding excursions around the noise-induced subspace of degeneracies, marking a significant improvement over the previous techniques adopted for Rubin, which were based on an optimal integral controller. This new approach is likely to also yield significant benefits for all telescopes that incorporate large numbers of degrees of freedom of adjustment.}
}
@INPROCEEDINGS{2024SPIE13096E..1OL,
       author = {{Lange}, Travis and {Nordby}, Martin and {Pollek}, Hannah and {Osier}, Shawn and {Bowdish}, Boyd and {Hascall}, Diane and {Lopez}, Margaux and {Newbry}, Scott P. and {Lazarte}, Juan Carlos and {Thayer}, Gregg and {Neal}, Homer and {Lee}, Vincent T. and {Silva}, Michael and {Kiehl}, David and {Hau}, Andrew and {Nieland}, Tom and {Linton}, Nico and {Shelley}, David C. and {Qiu}, Yongqiang and {Freytag}, Mark and {Cisneros}, Stephen and {Mendez}, Chris and {Marshall}, Stuart and {Utsumi}, Yousuke and {Johnson}, Tony and {Rasmussen}, Andrew P. and {Roodman}, Aaron and {Tether}, Steven and {Eisner}, Alan and {Turri}, Max and {Onoprienko}, Dmitry and {Saxton}, Owen and {Chiang}, James and {Digel}, Seth W. and {Bradshaw}, Andrew K. and {Reil}, Kevin A. and {Riot}, Vincent and {Wolfe}, Justin E. and {Winters}, Scott and {Bauman}, Brian J. and {Wahl}, William and {O'Connor}, Paul and {Antilogus}, Pierre and {Juramy}, Claire and {Virieux}, Fran{\c{c}}oise and {Boucaud}, Alexandre and {Parisel}, Camille and {Aubourg}, Eric and {Lagorio}, Eric and {Karst}, Pierre and {Marini}, Aurelien and {Laporte}, Didier and {Vezzu}, Francis and {Daubard}, Guillaume and {Breugnon}, Patrick and {Tyson}, Tony and {Snyder}, Adam and {Lage}, Craig and {Bond}, Tim and {Ritz}, Steve},
        title = "{Integrating the LSST camera}",
    booktitle = {Ground-based and Airborne Instrumentation for Astronomy X},
         year = 2024,
       editor = {{Bryant}, Julia J. and {Motohara}, Kentaro and {Vernet}, Jo{\"e}l. R.~D.},
       series = {Society of Photo-Optical Instrumentation Engineers (SPIE) Conference Series},
       volume = {13096},
        month = jul,
          eid = {130961O},
        pages = {130961O},
          doi = {10.1117/12.3019302},
       adsurl = {https://ui.adsabs.harvard.edu/abs/2024SPIE13096E..1OL},
      adsnote = {Provided by the SAO/NASA Astrophysics Data System}
}
@INPROCEEDINGS{2024SPIE13096E..1SR,
       author = {{Roodman}, A. and {Rasmussen}, A. and {Bradshaw}, A. and {Charles}, E. and {Chiang}, J. and {Digel}, S.~W. and {Dubois}, R. and {Johnson}, A.~S. and {Kahn}, S. and {Liang}, S. and {Marshall}, S. and {Neal}, H. and {Plazas}, A.~A. and {Reil}, K. and {Rykoff}, E. and {Schindler}, R. and {Schutt}, T. and {Utsumi}, Y. and {Bogart}, T. and {Bond}, T. and {Bowdish}, B. and {Cisneros}, S. and {Eisner}, A. and {Freytag}, M. and {Hascall}, D. and {Lange}, T. and {Lazarte}, J.~C. and {Lopez}, M. and {Mendez}, C. and {Newbry}, S. and {Nordby}, M. and {Onoprienko}, D. and {Osier}, S. and {Pollek}, H. and {Qiu}, B. and {Saxton}, O. and {Tether}, S. and {Thayer}, G. and {Turri}, M. and {Banovetz}, J. and {O'Connor}, P. and {Riot}, V. and {Wolfe}, J. and {Lage}, C. and {Polin}, D. and {Snyder}, A. and {Tyson}, A. and {Nichols}, R. and {Ritz}, S. and {Shestakov}, A. and {Wood}, D. and {Broughton}, A. and {Park}, H. and {Esteves}, J. and {Barrau}, A. and {Bregeon}, J. and {Combet}, C. and {Dargaud}, G. and {Lagorio}, E. and {Migliore}, M. and {Vezzu}, F. and {Antilogus}, P. and {Astier}, P. and {Daubard}, G. and {Juramy}, C. and {Laporte}, D. and {Guillemin}, T. and {Aubourg}, E. and {Boucaud}, A. and {Parisel}, C. and {Virieux}, F. and {Breugnon}, P. and {Karst}, P. and {Marini}, A. and {Fisher-Levine}, M. and {Waters}, C.},
        title = "{LSST camera verification testing and characterization}",
    booktitle = {Ground-based and Airborne Instrumentation for Astronomy X},
         year = 2024,
       editor = {{Bryant}, Julia J. and {Motohara}, Kentaro and {Vernet}, Jo{\"e}l. R.~D.},
       series = {Society of Photo-Optical Instrumentation Engineers (SPIE) Conference Series},
       volume = {13096},
        month = jul,
          eid = {130961S},
        pages = {130961S},
          doi = {10.1117/12.3019698},
       adsurl = {https://ui.adsabs.harvard.edu/abs/2024SPIE13096E..1SR},
      adsnote = {Provided by the SAO/NASA Astrophysics Data System}
}

@article{Mondrik_2023,
   title={Measurement of Telescope Transmission Using a Collimated Beam Projector},
   volume={135},
   ISSN={1538-3873},
   url={http://dx.doi.org/10.1088/1538-3873/acbe1c},
   DOI={10.1088/1538-3873/acbe1c},
   number={1045},
   journal={Publications of the Astronomical Society of the Pacific},
   publisher={IOP Publishing},
   author={Mondrik, Nicholas and Coughlin, Michael and Betoule, Marc and Bongard, Sébastien and Rice, Joseph P. and Shaw, Ping-Shine and Stubbs, Christopher W. and Woodward, John T.},
   year={2023},
   month=mar, pages={035001} }
@INPROCEEDINGS{2022SPIE12182E..0RI,
       author = {{Ingraham}, Patrick and {Fagrelius}, Parker and {Stubbs}, Christopher W. and {Lupton}, Robert H. and {Liang}, Ming and {Neill}, Doug and {Muller}, Gary and {Claver}, Charles F. and {Sebag}, Jacques and {Thomas}, Sandrine and {Owen}, Russell},
        title = "{The Vera C. Rubin Observatory 8.4m telescope calibration system status}",
    booktitle = {Ground-based and Airborne Telescopes IX},
         year = 2022,
       editor = {{Marshall}, Heather K. and {Spyromilio}, Jason and {Usuda}, Tomonori},
       series = {Society of Photo-Optical Instrumentation Engineers (SPIE) Conference Series},
       volume = {12182},
        month = aug,
          eid = {121820R},
        pages = {121820R},
          doi = {10.1117/12.2630185},
       adsurl = {https://ui.adsabs.harvard.edu/abs/2022SPIE12182E..0RI},
      adsnote = {Provided by the SAO/NASA Astrophysics Data System}
}
@ARTICLE{2022PASJ...74..247A,
       author = {{Aihara}, Hiroaki and {AlSayyad}, Yusra and {Ando}, Makoto and {Armstrong}, Robert and {Bosch}, James and {Egami}, Eiichi and {Furusawa}, Hisanori and {Furusawa}, Junko and {Harasawa}, Sumiko and {Harikane}, Yuichi and {Hsieh}, Bau-Ching and {Ikeda}, Hiroyuki and {Ito}, Kei and {Iwata}, Ikuru and {Kodama}, Tadayuki and {Koike}, Michitaro and {Kokubo}, Mitsuru and {Komiyama}, Yutaka and {Li}, Xiangchong and {Liang}, Yongming and {Lin}, Yen-Ting and {Lupton}, Robert H. and {Lust}, Nate B. and {MacArthur}, Lauren A. and {Mawatari}, Ken and {Mineo}, Sogo and {Miyatake}, Hironao and {Miyazaki}, Satoshi and {More}, Surhud and {Morishima}, Takahiro and {Murayama}, Hitoshi and {Nakajima}, Kimihiko and {Nakata}, Fumiaki and {Nishizawa}, Atsushi J. and {Oguri}, Masamune and {Okabe}, Nobuhiro and {Okura}, Yuki and {Ono}, Yoshiaki and {Osato}, Ken and {Ouchi}, Masami and {Pan}, Yen-Chen and {Plazas Malag{\'o}n}, Andr{\'e}s A. and {Price}, Paul A. and {Reed}, Sophie L. and {Rykoff}, Eli S. and {Shibuya}, Takatoshi and {Simunovic}, Mirko and {Strauss}, Michael A. and {Sugimori}, Kanako and {Suto}, Yasushi and {Suzuki}, Nao and {Takada}, Masahiro and {Takagi}, Yuhei and {Takata}, Tadafumi and {Takita}, Satoshi and {Tanaka}, Masayuki and {Tang}, Shenli and {Taranu}, Dan S. and {Terai}, Tsuyoshi and {Toba}, Yoshiki and {Turner}, Edwin L. and {Uchiyama}, Hisakazu and {Vijarnwannaluk}, Bovornpratch and {Waters}, Christopher Z. and {Yamada}, Yoshihiko and {Yamamoto}, Naoaki and {Yamashita}, Takuji},
        title = "{Third data release of the Hyper Suprime-Cam Subaru Strategic Program}",
      journal = {\pasj},
     keywords = {astronomical databases: miscellaneous, cosmology: observations, galaxies: general, surveys, Astrophysics - Instrumentation and Methods for Astrophysics, Astrophysics - Cosmology and Nongalactic Astrophysics, Astrophysics - Astrophysics of Galaxies},
         year = 2022,
        month = apr,
       volume = {74},
       number = {2},
        pages = {247-272},
          doi = {10.1093/pasj/psab122},
archivePrefix = {arXiv},
       eprint = {2108.13045},
 primaryClass = {astro-ph.IM},
       adsurl = {https://ui.adsabs.harvard.edu/abs/2022PASJ...74..247A},
      adsnote = {Provided by the SAO/NASA Astrophysics Data System}
}

@ARTICLE{2025JATIS..11a1209P,
       author = {{Plazas Malag{\'o}n}, Andr{\'e}s. A. and {Waters}, Chris and {Broughton}, Alex and {Rykoff}, Eli and {Fert{\'e}}, Agn{\`e}s. and {Fisher-Levine}, Merlin and {Lupton}, Robert},
        title = "{Instrument signature removal and calibration products for the Rubin Legacy Survey of Space and Time}",
      journal = {Journal of Astronomical Telescopes, Instruments, and Systems},
     keywords = {charge-coupled devices, algorithms, software, calibration, galaxy surveys, Astrophysics - Instrumentation and Methods for Astrophysics},
         year = 2025,
        month = jan,
       volume = {11},
          eid = {011209},
        pages = {011209},
          doi = {10.1117/1.JATIS.11.1.011209},
archivePrefix = {arXiv},
       eprint = {2404.14516},
 primaryClass = {astro-ph.IM},
       adsurl = {https://ui.adsabs.harvard.edu/abs/2025JATIS..11a1209P},
      adsnote = {Provided by the SAO/NASA Astrophysics Data System}
}

@article{Naghib_2019,
doi = {10.3847/1538-3881/aafece},
url = {https://dx.doi.org/10.3847/1538-3881/aafece},
year = {2019},
month = {mar},
publisher = {The American Astronomical Society},
volume = {157},
number = {4},
pages = {151},
author = {Naghib, Elahesadat and Yoachim, Peter and Vanderbei, Robert J. and Connolly, Andrew J. and Jones, R. Lynne},
title = {A Framework for Telescope Schedulers: With Applications to the Large Synoptic Survey Telescope},
journal = {The Astronomical Journal},
abstract = {How ground-based telescopes schedule their observations in response to different variables can significantly impact their efficiency. Namely, competing science priorities and constraints, variations in the weather, and the visibility of a particular part of the sky are some of the determining variables. In this paper we introduce the Feature-based telescope scheduler, which is an automated, decision-making algorithm. It offers controllability of the behavior, adjustability of the mission, and quick recoverability from interruptions for large ground-based telescopes. By framing the Feature-based telescope scheduler in the context of a coherent mathematical model, the functionality and performance of the algorithm are simple to interpret. Consequently, adapting this scheduler for a broad range of ground-based instruments is straightforward. This paper presents a generic version of the Feature-based scheduler, with minimal manual tailoring. We demonstrate its potential and flexibility to serve as a foundation for schedulers of the ground-based instruments. In addition, a modified version of the Feature-based scheduler for the Large Synoptic Survey Telescope (LSST) is introduced and compared to the previous LSST schedulers.}
}
@misc{peter_yoachim_2024_13985198,
  author       = {Peter Yoachim and
                  Lynne Jones and
                  Eric H. Neilsen, Jr. and
                  Matthew R. Becker},
  title        = {lsst/rubin\_scheduler: v3.0.0},
  month        = oct,
  year         = 2024,
  publisher    = {Zenodo},
  version      = {v3.0.0},
  doi          = {10.5281/zenodo.13985198},
  url          = {https://doi.org/10.5281/zenodo.13985198},
}

@article{doi:10.1088/1538-3873/aab820,
doi = {10.1088/1538-3873/aab820},
url = {https://dx.doi.org/10.1088/1538-3873/aab820},
year = {2018},
month = {apr},
publisher = {The Astronomical Society of the Pacific},
volume = {130},
number = {988},
pages = {065004},
author = {Plazas, A. A. and Shapiro, C. and Smith, R. and Huff, E. and Rhodes, J.},
title = {Laboratory Measurement of the Brighter-fatter Effect in an H2RG Infrared Detector},
journal = {Publications of the Astronomical Society of the Pacific},
abstract = {The “brighter-fatter” (BF) effect is a phenomenon—originally discovered in charge coupled devices—in which the size of the detector point-spread function (PSF) increases with brightness. We present, for the first time, laboratory measurements demonstrating the existence of the effect in a Hawaii-2RG HgCdTe near-infrared (NIR) detector. We use JPL’s Precision Projector Laboratory, a facility for emulating astronomical observations with UV/VIS/NIR detectors, to project about 17,000 point sources onto the detector to stimulate the effect. After calibrating the detector for nonlinearity with flat-fields, we find evidence that charge is nonlinearly shifted from bright pixels to neighboring pixels during exposures of point sources, consistent with the existence of a BF-type effect. NASAs Wide Field Infrared Survey Telescope (WFIRST) will use similar detectors to measure weak gravitational lensing from the shapes of hundreds of million of galaxies in the NIR. The WFIRST PSF size must be calibrated to ≈0.1% to avoid biased inferences of dark matter and dark energy parameters; therefore further study and calibration of the BF effect in realistic images will be crucial.}
}

@misc{arXiv:2403.19321,
      title={Experience deploying an analysis facility for the Rubin Observatory's Legacy Survey of Space and Time (LSST) data},
      author={Gabriele Mainetti and Fabio Hernandez and Fabrice Jammes and Quentin Le Boulc'h},
      year={2024},
      eprint={2403.19321},
      archivePrefix={arXiv},
      primaryClass={astro-ph.IM},
      url={https://arxiv.org/abs/2403.19321},
}
@ARTICLE{2005MNRAS.361.1287M,
       author = {{Mandelbaum}, Rachel and {Hirata}, Christopher M. and {Seljak}, Uro{\v{s}} and {Guzik}, Jacek and {Padmanabhan}, Nikhil and {Blake}, Cullen and {Blanton}, Michael R. and {Lupton}, Robert and {Brinkmann}, Jonathan},
        title = "{Systematic errors in weak lensing: application to SDSS galaxy-galaxy weak lensing}",
      journal = {\mnras},
     keywords = {gravitational lensing, galaxies: distances and redshifts, galaxies: halos, Astrophysics},
         year = 2005,
        month = aug,
       volume = {361},
       number = {4},
        pages = {1287-1322},
          doi = {10.1111/j.1365-2966.2005.09282.x},
archivePrefix = {arXiv},
       eprint = {astro-ph/0501201},
 primaryClass = {astro-ph},
       adsurl = {https://ui.adsabs.harvard.edu/abs/2005MNRAS.361.1287M},
      adsnote = {Provided by the SAO/NASA Astrophysics Data System}
}



@ARTICLE{2003MNRAS.343..459H,
       author = {{Hirata}, Christopher and {Seljak}, Uro{\v{s}}},
        title = "{Shear calibration biases in weak-lensing surveys}",
      journal = {\mnras},
     keywords = {gravitational lensing, methods: data analysis, Astrophysics},
         year = 2003,
        month = aug,
       volume = {343},
       number = {2},
        pages = {459-480},
          doi = {10.1046/j.1365-8711.2003.06683.x},
archivePrefix = {arXiv},
       eprint = {astro-ph/0301054},
 primaryClass = {astro-ph},
       adsurl = {https://ui.adsabs.harvard.edu/abs/2003MNRAS.343..459H},
      adsnote = {Provided by the SAO/NASA Astrophysics Data System}
}

@INPROCEEDINGS{2020DPS....5221101E,
       author = {{Eggl}, S. and {Juric}, M. and {Moeyens}, J. and {Jones}, L.},
        title = "{HelioLinC3D: Asteroid linking algorithm for LSST}",
    booktitle = {AAS/Division for Planetary Sciences Meeting Abstracts},
         year = 2020,
       series = {AAS/Division for Planetary Sciences Meeting Abstracts},
       volume = {52},
        month = oct,
          eid = {211.01},
        pages = {211.01},
       adsurl = {https://ui.adsabs.harvard.edu/abs/2020DPS....5221101E},
      adsnote = {Provided by the SAO/NASA Astrophysics Data System}
}

@INPROCEEDINGS{2022DPS....5450404H,
       author = {{Heinze}, Aren and {Eggl}, Siegfried and {Juric}, Mario and {Moeyens}, Joachim and {Jones}, Lynne and {Sullivan}, Ian and {Bellm}, Eric},
        title = "{Heliolinc3D: enabling asteroid discovery for the Legacy Survey of Space and Time (LSST)}",
    booktitle = {AAS/Division for Planetary Sciences Meeting Abstracts},
         year = 2022,
       series = {AAS/Division for Planetary Sciences Meeting Abstracts},
       volume = {54},
        month = dec,
          eid = {504.04},
        pages = {504.04},
       adsurl = {https://ui.adsabs.harvard.edu/abs/2022DPS....5450404H},
      adsnote = {Provided by the SAO/NASA Astrophysics Data System}
}

@ARTICLE{2023MPEC....O...26D,
       author = {{Denneau}, L. and {Tonry}, J. and {Heinze}, A. and {Denneau}, L. and {Tonry}, J. and {Heinze}, A. and {Chastel}, S. and {Fairlamb}, J. and {Huber}, M. and {Ramanjooloo}, Y. and {Wainscoat}, R. and {Weryk}, R.},
        title = "{2022 SF289}",
      journal = {Minor Planet Electronic Circulars},
     keywords = {Small Solar System bodies, 2022 SF289},
         year = 2023,
        month = jul,
       volume = {2023-O26},
          doi = {10.48377/MPEC/2023-O26},
       adsurl = {https://ui.adsabs.harvard.edu/abs/2023MPEC....O...26D},
      adsnote = {Provided by the SAO/NASA Astrophysics Data System}
}

@MISC{findorb,
  author = {Gray, Bill},
  title = {find\_orb: Orbit determination from observations },
  year = {2025},
  url = {https://github.com/Bill-Gray/find_orb},
}

@MISC{mpsky,
  author = {Juric, Mario},
  title = {mpsky: Multi-purpose sky catalog cross-matching},
  year = {2025},
  url = {https://github.com/mjuric/mpsky},
}

@MISC{heliolinx,
  author = {Aren Heinze and Mario Juric and Jake Kurlander},
  title = {heliolinx: Open Source Solar System Discovery Software},
  year = {2023},
  url = {https://github.com/heliolinx/heliolinx},
}

@ARTICLE{2023MNRAS.520.2328Z,
       author = {{Zhang}, Tianqing and {Almoubayyed}, Husni and {Mandelbaum}, Rachel and {Meyers}, Joshua E. and {Jarvis}, Mike and {Kannawadi}, Arun and {Schmitz}, Morgan A. and {Guinot}, Axel and {LSST Dark Energy Science Collaboration}},
        title = "{Impact of point spread function higher moments error on weak gravitational lensing - II. A comprehensive study}",
      journal = {\mnras},
     keywords = {gravitational lensing: weak, methods: data analysis, Astrophysics - Cosmology and Nongalactic Astrophysics, Astrophysics - Instrumentation and Methods for Astrophysics},
         year = 2023,
        month = apr,
       volume = {520},
       number = {2},
        pages = {2328-2350},
          doi = {10.1093/mnras/stac3350},
archivePrefix = {arXiv},
       eprint = {2205.07892},
 primaryClass = {astro-ph.CO},
       adsurl = {https://ui.adsabs.harvard.edu/abs/2023MNRAS.520.2328Z},
      adsnote = {Provided by the SAO/NASA Astrophysics Data System}
}

@ARTICLE{2023PASP..135k5003E,
       author = {{Esteves}, Johnny H. and {Utsumi}, Yousuke and {Snyder}, Adam and {Schutt}, Theo and {Broughton}, Alex and {Trbalic}, Bahrudin and {Mau}, Sidney and {Rasmussen}, Andrew and {Plazas Malag{\'o}n}, Andr{\'e}s A. and {Bradshaw}, Andrew and {Marshall}, Stuart and {Digel}, Seth and {Chiang}, James and {Rykoff}, Eli and {Waters}, Chris and {Soares-Santos}, Marcelle and {Roodman}, Aaron},
        title = "{Photometry, Centroid and Point-spread Function Measurements in the LSST Camera Focal Plane Using Artificial Stars}",
      journal = {\pasp},
     keywords = {207, 208, 799, Wide-field telescopes, 1464, Astrophysics - Instrumentation and Methods for Astrophysics},
         year = 2023,
        month = nov,
       volume = {135},
       number = {1053},
          eid = {115003},
        pages = {115003},
          doi = {10.1088/1538-3873/ad0a73},
archivePrefix = {arXiv},
       eprint = {2308.00919},
 primaryClass = {astro-ph.IM},
       adsurl = {https://ui.adsabs.harvard.edu/abs/2023PASP..135k5003E},
      adsnote = {Provided by the SAO/NASA Astrophysics Data System}
}

@INPROCEEDINGS{2011ASPC..442..435B,
       author = {{Bertin}, E.},
        title = "{Automated Morphometry with SExtractor and PSFEx}",
    booktitle = {Astronomical Data Analysis Software and Systems XX},
         year = 2011,
       editor = {{Evans}, I.~N. and {Accomazzi}, A. and {Mink}, D.~J. and {Rots}, A.~H.},
       series = {Astronomical Society of the Pacific Conference Series},
       volume = {442},
        month = jul,
        pages = {435},
       adsurl = {https://ui.adsabs.harvard.edu/abs/2011ASPC..442..435B},
      adsnote = {Provided by the SAO/NASA Astrophysics Data System}
}

@ARTICLE{2018MNRAS.481.1149Z,
       author = {{Zuntz}, J. and {Sheldon}, E. and {Samuroff}, S. and {Troxel}, M.~A. and {Jarvis}, M. and {MacCrann}, N. and {Gruen}, D. and {Prat}, J. and {S{\'a}nchez}, C. and {Choi}, A. and {Bridle}, S.~L. and {Bernstein}, G.~M. and {Dodelson}, S. and {Drlica-Wagner}, A. and {Fang}, Y. and {Gruendl}, R.~A. and {Hoyle}, B. and {Huff}, E.~M. and {Jain}, B. and {Kirk}, D. and {Kacprzak}, T. and {Krawiec}, C. and {Plazas}, A.~A. and {Rollins}, R.~P. and {Rykoff}, E.~S. and {Sevilla-Noarbe}, I. and {Soergel}, B. and {Varga}, T.~N. and {Abbott}, T.~M.~C. and {Abdalla}, F.~B. and {Allam}, S. and {Annis}, J. and {Bechtol}, K. and {Benoit-L{\'e}vy}, A. and {Bertin}, E. and {Buckley-Geer}, E. and {Burke}, D.~L. and {Carnero Rosell}, A. and {Carrasco Kind}, M. and {Carretero}, J. and {Castander}, F.~J. and {Crocce}, M. and {Cunha}, C.~E. and {D'Andrea}, C.~B. and {da Costa}, L.~N. and {Davis}, C. and {Desai}, S. and {Diehl}, H.~T. and {Dietrich}, J.~P. and {Doel}, P. and {Eifler}, T.~F. and {Estrada}, J. and {Evrard}, A.~E. and {Fausti Neto}, A. and {Fernandez}, E. and {Flaugher}, B. and {Fosalba}, P. and {Frieman}, J. and {Garc{\'\i}a-Bellido}, J. and {Gaztanaga}, E. and {Gerdes}, D.~W. and {Giannantonio}, T. and {Gschwend}, J. and {Gutierrez}, G. and {Hartley}, W.~G. and {Honscheid}, K. and {James}, D.~J. and {Jeltema}, T. and {Johnson}, M.~W.~G. and {Johnson}, M.~D. and {Kuehn}, K. and {Kuhlmann}, S. and {Kuropatkin}, N. and {Lahav}, O. and {Li}, T.~S. and {Lima}, M. and {Maia}, M.~A.~G. and {March}, M. and {Martini}, P. and {Melchior}, P. and {Menanteau}, F. and {Miller}, C.~J. and {Miquel}, R. and {Mohr}, J.~J. and {Neilsen}, E. and {Nichol}, R.~C. and {Ogando}, R.~L.~C. and {Roe}, N. and {Romer}, A.~K. and {Roodman}, A. and {Sanchez}, E. and {Scarpine}, V. and {Schindler}, R. and {Schubnell}, M. and {Smith}, M. and {Smith}, R.~C. and {Soares-Santos}, M. and {Sobreira}, F. and {Suchyta}, E. and {Swanson}, M.~E.~C. and {Tarle}, G. and {Thomas}, D. and {Tucker}, D.~L. and {Vikram}, V. and {Walker}, A.~R. and {Wechsler}, R.~H. and {Zhang}, Y. and {DES Collaboration}},
        title = "{Dark Energy Survey Year 1 results: weak lensing shape catalogues}",
      journal = {\mnras},
     keywords = {gravitational lensing: weak, methods: data analysis, techniques: image processing, catalogues, surveys, cosmology: observations, Astrophysics - Cosmology and Nongalactic Astrophysics},
         year = 2018,
        month = nov,
       volume = {481},
       number = {1},
        pages = {1149-1182},
          doi = {10.1093/mnras/sty2219},
archivePrefix = {arXiv},
       eprint = {1708.01533},
 primaryClass = {astro-ph.CO},
       adsurl = {https://ui.adsabs.harvard.edu/abs/2018MNRAS.481.1149Z},
      adsnote = {Provided by the SAO/NASA Astrophysics Data System}
}

@ARTICLE{2025OJAp....8E..26S,
       author = {{Schutt}, T. and {Jarvis}, M. and {Roodman}, A. and {Amon}, A. and {Becker}, M.~R. and {Gruendl}, R.~A. and {Yamamoto}, M. and {Bechtol}, K. and {Bernstein}, G.~M. and {Gatti}, M. and {Rykoff}, E.~S. and {Sheldon}, E. and {Troxel}, M.~A. and {Abbott}, T.~M.~C. and {Aguena}, M. and {Andrade-Oliveira}, F. and {Brooks}, D. and {Rosell}, A. Carnero and {Carretero}, J. and {Chang}, C. and {Choi}, A. and {Crocce}, M. and {da Costa}, L.~N. and {Davis}, T.~M. and {De Vicente}, J. and {Desai}, S. and {Diehl}, H.~T. and {Doel}, P. and {Fert{\'e}}, A. and {Frieman}, J. and {Garc{\'\i}a-Bellido}, J. and {Gaztanaga}, E. and {Gruen}, D. and {Gutierrez}, G. and {Hinton}, S.~R. and {Hollowood}, D.~L. and {Honscheid}, K. and {Kuehn}, K. and {Lahav}, O. and {Lee}, S. and {Lima}, M. and {Marshall}, J.~L. and {Mena-Fern{\'a}ndez}, J. and {Miquel}, R. and {Mohr}, J.~J. and {Myles}, J. and {Ogando}, R.~L.~C. and {Pieres}, A. and {Malag{\'o}n}, A.~A. Plazas and {Porredon}, A. and {Samuroff}, S. and {Sanchez}, E. and {Cid}, D. Sanchez and {Sevilla-Noarbe}, I. and {Smith}, M. and {Suchyta}, E. and {Tarle}, G. and {Vikram}, V. and {Walker}, A.~R. and {Weaverdyck}, N.},
        title = "{Dark Energy Survey Year 6 Results: Point-Spread Function Modeling}",
      journal = {The Open Journal of Astrophysics},
     keywords = {Astrophysics - Cosmology and Nongalactic Astrophysics, Astrophysics - Instrumentation and Methods for Astrophysics},
         year = 2025,
        month = mar,
       volume = {8},
          eid = {26},
        pages = {26},
          doi = {10.33232/001c.132299},
archivePrefix = {arXiv},
       eprint = {2501.05781},
 primaryClass = {astro-ph.CO},
       adsurl = {https://ui.adsabs.harvard.edu/abs/2025OJAp....8E..26S},
      adsnote = {Provided by the SAO/NASA Astrophysics Data System}
}

@article{DES:2020vau,
    author = "Jarvis, M. and others",
    collaboration = "DES",
    title = "{Dark Energy Survey year 3 results: point spread function modelling}",
    eprint = "2011.03409",
    archivePrefix = "arXiv",
    primaryClass = "astro-ph.IM",
    reportNumber = "FERMILAB-PUB-20-254-AE, DES-2019-0493",
    doi = "10.1093/mnras/staa3679",
    journal = "Mon. Not. Roy. Astron. Soc.",
    volume = "501",
    number = "1",
    pages = "1282--1299",
    year = "2021"
}
@article{2013A&A...558A..33A,
Adsnote = {Provided by the SAO/NASA Astrophysics Data System},
Adsurl = {http://adsabs.harvard.edu/abs/2013A%26A...558A..33A},
Archiveprefix = {arXiv},
Author = {{Astropy Collaboration} and {Robitaille}, T.~P. and {Tollerud}, E.~J. and {Greenfield}, P. and {Droettboom}, M. and {Bray}, E. and {Aldcroft}, T. and {Davis}, M. and {Ginsburg}, A. and {Price-Whelan}, A.~M. and {Kerzendorf}, W.~E. and {Conley}, A. and {Crighton}, N. and {Barbary}, K. and {Muna}, D. and {Ferguson}, H. and {Grollier}, F. and {Parikh}, M.~M. and {Nair}, P.~H. and {Unther}, H.~M. and {Deil}, C. and {Woillez}, J. and {Conseil}, S. and {Kramer}, R. and {Turner}, J.~E.~H. and {Singer}, L. and {Fox}, R. and {Weaver}, B.~A. and {Zabalza}, V. and {Edwards}, Z.~I. and {Azalee Bostroem}, K. and {Burke}, D.~J. and {Casey}, A.~R. and {Crawford}, S.~M. and {Dencheva}, N. and {Ely}, J. and {Jenness}, T. and {Labrie}, K. and {Lim}, P.~L. and {Pierfederici}, F. and {Pontzen}, A. and {Ptak}, A. and {Refsdal}, B. and {Servillat}, M. and {Streicher}, O.},
Doi = {10.1051/0004-6361/201322068},
Eid = {A33},
Eprint = {1307.6212},
Journal = {\aap},
Keywords = {methods: data analysis, methods: miscellaneous, virtual observatory tools},
Month = oct,
Pages = {A33},
Primaryclass = {astro-ph.IM},
Title = {{Astropy: A community Python package for astronomy}},
Volume = 558,
Year = 2013,
Bdsk-Url-1 = {https://dx.doi.org/10.1051/0004-6361/201322068}}

@ARTICLE{2018AJ....156..123A,
       author = {{Astropy Collaboration} and {Price-Whelan}, A.~M. and
         {Sip{\H{o}}cz}, B.~M. and {G{\"u}nther}, H.~M. and {Lim}, P.~L. and
         {Crawford}, S.~M. and {Conseil}, S. and {Shupe}, D.~L. and
         {Craig}, M.~W. and {Dencheva}, N. and {Ginsburg}, A. and {Vand
        erPlas}, J.~T. and {Bradley}, L.~D. and {P{\'e}rez-Su{\'a}rez}, D. and
         {de Val-Borro}, M. and {Aldcroft}, T.~L. and {Cruz}, K.~L. and
         {Robitaille}, T.~P. and {Tollerud}, E.~J. and {Ardelean}, C. and
         {Babej}, T. and {Bach}, Y.~P. and {Bachetti}, M. and {Bakanov}, A.~V. and
         {Bamford}, S.~P. and {Barentsen}, G. and {Barmby}, P. and
         {Baumbach}, A. and {Berry}, K.~L. and {Biscani}, F. and {Boquien}, M. and
         {Bostroem}, K.~A. and {Bouma}, L.~G. and {Brammer}, G.~B. and
         {Bray}, E.~M. and {Breytenbach}, H. and {Buddelmeijer}, H. and
         {Burke}, D.~J. and {Calderone}, G. and {Cano Rodr{\'\i}guez}, J.~L. and
         {Cara}, M. and {Cardoso}, J.~V.~M. and {Cheedella}, S. and {Copin}, Y. and
         {Corrales}, L. and {Crichton}, D. and {D'Avella}, D. and {Deil}, C. and
         {Depagne}, {\'E}. and {Dietrich}, J.~P. and {Donath}, A. and
         {Droettboom}, M. and {Earl}, N. and {Erben}, T. and {Fabbro}, S. and
         {Ferreira}, L.~A. and {Finethy}, T. and {Fox}, R.~T. and
         {Garrison}, L.~H. and {Gibbons}, S.~L.~J. and {Goldstein}, D.~A. and
         {Gommers}, R. and {Greco}, J.~P. and {Greenfield}, P. and
         {Groener}, A.~M. and {Grollier}, F. and {Hagen}, A. and {Hirst}, P. and
         {Homeier}, D. and {Horton}, A.~J. and {Hosseinzadeh}, G. and {Hu}, L. and
         {Hunkeler}, J.~S. and {Ivezi{\'c}}, {\v{Z}}. and {Jain}, A. and
         {Jenness}, T. and {Kanarek}, G. and {Kendrew}, S. and {Kern}, N.~S. and
         {Kerzendorf}, W.~E. and {Khvalko}, A. and {King}, J. and {Kirkby}, D. and
         {Kulkarni}, A.~M. and {Kumar}, A. and {Lee}, A. and {Lenz}, D. and
         {Littlefair}, S.~P. and {Ma}, Z. and {Macleod}, D.~M. and
         {Mastropietro}, M. and {McCully}, C. and {Montagnac}, S. and
         {Morris}, B.~M. and {Mueller}, M. and {Mumford}, S.~J. and {Muna}, D. and
         {Murphy}, N.~A. and {Nelson}, S. and {Nguyen}, G.~H. and
         {Ninan}, J.~P. and {N{\"o}the}, M. and {Ogaz}, S. and {Oh}, S. and
         {Parejko}, J.~K. and {Parley}, N. and {Pascual}, S. and {Patil}, R. and
         {Patil}, A.~A. and {Plunkett}, A.~L. and {Prochaska}, J.~X. and
         {Rastogi}, T. and {Reddy Janga}, V. and {Sabater}, J. and
         {Sakurikar}, P. and {Seifert}, M. and {Sherbert}, L.~E. and
         {Sherwood-Taylor}, H. and {Shih}, A.~Y. and {Sick}, J. and
         {Silbiger}, M.~T. and {Singanamalla}, S. and {Singer}, L.~P. and
         {Sladen}, P.~H. and {Sooley}, K.~A. and {Sornarajah}, S. and
         {Streicher}, O. and {Teuben}, P. and {Thomas}, S.~W. and
         {Tremblay}, G.~R. and {Turner}, J.~E.~H. and {Terr{\'o}n}, V. and
         {van Kerkwijk}, M.~H. and {de la Vega}, A. and {Watkins}, L.~L. and
         {Weaver}, B.~A. and {Whitmore}, J.~B. and {Woillez}, J. and
         {Zabalza}, V. and {Astropy Contributors}},
        title = "{The Astropy Project: Building an Open-science Project and Status of the v2.0 Core Package}",
      journal = {\aj},
     keywords = {methods: data analysis, methods: miscellaneous, methods: statistical, reference systems, Astrophysics - Instrumentation and Methods for Astrophysics},
         year = 2018,
        month = sep,
       volume = {156},
       number = {3},
          eid = {123},
        pages = {123},
          doi = {10.3847/1538-3881/aabc4f},
archivePrefix = {arXiv},
       eprint = {1801.02634},
 primaryClass = {astro-ph.IM},
       adsurl = {https://ui.adsabs.harvard.edu/abs/2018AJ....156..123A},
      adsnote = {Provided by the SAO/NASA Astrophysics Data System}
}

@ARTICLE{2022ApJ...935..167A,
       author = {{Astropy Collaboration} and {Price-Whelan}, Adrian M. and {Lim}, Pey Lian and {Earl}, Nicholas and {Starkman}, Nathaniel and {Bradley}, Larry and {Shupe}, David L. and {Patil}, Aarya A. and {Corrales}, Lia and {Brasseur}, C.~E. and {N{"o}the}, Maximilian and {Donath}, Axel and {Tollerud}, Erik and {Morris}, Brett M. and {Ginsburg}, Adam and {Vaher}, Eero and {Weaver}, Benjamin A. and {Tocknell}, James and {Jamieson}, William and {van Kerkwijk}, Marten H. and {Robitaille}, Thomas P. and {Merry}, Bruce and {Bachetti}, Matteo and {G{"u}nther}, H. Moritz and {Aldcroft}, Thomas L. and {Alvarado-Montes}, Jaime A. and {Archibald}, Anne M. and {B{'o}di}, Attila and {Bapat}, Shreyas and {Barentsen}, Geert and {Baz{'a}n}, Juanjo and {Biswas}, Manish and {Boquien}, M{'e}d{'e}ric and {Burke}, D.~J. and {Cara}, Daria and {Cara}, Mihai and {Conroy}, Kyle E. and {Conseil}, Simon and {Craig}, Matthew W. and {Cross}, Robert M. and {Cruz}, Kelle L. and {D'Eugenio}, Francesco and {Dencheva}, Nadia and {Devillepoix}, Hadrien A.~R. and {Dietrich}, J{"o}rg P. and {Eigenbrot}, Arthur Davis and {Erben}, Thomas and {Ferreira}, Leonardo and {Foreman-Mackey}, Daniel and {Fox}, Ryan and {Freij}, Nabil and {Garg}, Suyog and {Geda}, Robel and {Glattly}, Lauren and {Gondhalekar}, Yash and {Gordon}, Karl D. and {Grant}, David and {Greenfield}, Perry and {Groener}, Austen M. and {Guest}, Steve and {Gurovich}, Sebastian and {Handberg}, Rasmus and {Hart}, Akeem and {Hatfield-Dodds}, Zac and {Homeier}, Derek and {Hosseinzadeh}, Griffin and {Jenness}, Tim and {Jones}, Craig K. and {Joseph}, Prajwel and {Kalmbach}, J. Bryce and {Karamehmetoglu}, Emir and {Ka{l}uszy{'n}ski}, Miko{l}aj and {Kelley}, Michael S.~P. and {Kern}, Nicholas and {Kerzendorf}, Wolfgang E. and {Koch}, Eric W. and {Kulumani}, Shankar and {Lee}, Antony and {Ly}, Chun and {Ma}, Zhiyuan and {MacBride}, Conor and {Maljaars}, Jakob M. and {Muna}, Demitri and {Murphy}, N.~A. and {Norman}, Henrik and {O'Steen}, Richard and {Oman}, Kyle A. and {Pacifici}, Camilla and {Pascual}, Sergio and {Pascual-Granado}, J. and {Patil}, Rohit R. and {Perren}, Gabriel I. and {Pickering}, Timothy E. and {Rastogi}, Tanuj and {Roulston}, Benjamin R. and {Ryan}, Daniel F. and {Rykoff}, Eli S. and {Sabater}, Jose and {Sakurikar}, Parikshit and {Salgado}, Jes{'u}s and {Sanghi}, Aniket and {Saunders}, Nicholas and {Savchenko}, Volodymyr and {Schwardt}, Ludwig and {Seifert-Eckert}, Michael and {Shih}, Albert Y. and {Jain}, Anany Shrey and {Shukla}, Gyanendra and {Sick}, Jonathan and {Simpson}, Chris and {Singanamalla}, Sudheesh and {Singer}, Leo P. and {Singhal}, Jaladh and {Sinha}, Manodeep and {Sip{H{o}}cz}, Brigitta M. and {Spitler}, Lee R. and {Stansby}, David and {Streicher}, Ole and {{{S}}umak}, Jani and {Swinbank}, John D. and {Taranu}, Dan S. and {Tewary}, Nikita and {Tremblay}, Grant R. and {Val-Borro}, Miguel de and {Van Kooten}, Samuel J. and {Vasovi{'c}}, Zlatan and {Verma}, Shresth and {de Miranda Cardoso}, Jos{'e} Vin{'i}cius and {Williams}, Peter K.~G. and {Wilson}, Tom J. and {Winkel}, Benjamin and {Wood-Vasey}, W.~M. and {Xue}, Rui and {Yoachim}, Peter and {Zhang}, Chen and {Zonca}, Andrea and {Astropy Project Contributors}},
        title = "{The Astropy Project: Sustaining and Growing a Community-oriented Open-source Project and the Latest Major Release (v5.0) of the Core Package}",
      journal = {\apj},
     keywords = {Astronomy software, Open source software, Astronomy data analysis, 1855, 1866, 1858, Astrophysics - Instrumentation and Methods for Astrophysics},
         year = 2022,
        month = aug,
       volume = {935},
       number = {2},
          eid = {167},
        pages = {167},
          doi = {10.3847/1538-4357/ac7c74},
archivePrefix = {arXiv},
       eprint = {2206.14220},
 primaryClass = {astro-ph.IM},
       adsurl = {https://ui.adsabs.harvard.edu/abs/2022ApJ...935..167A},
      adsnote = {Provided by the SAO/NASA Astrophysics Data System}
}

@article{10.1117/1.JATIS.11.1.011209,
author = {Andr{\'e}s A. {Plazas Malag{\'o}n} and Chris Waters and Alex Broughton and Eli Rykoff and Agn{\`e}s Fert{\'e} and Merlin Fisher-Levine and Robert Lupton},
title = {{Instrument signature removal and calibration products for the Rubin Legacy Survey of Space and Time}},
volume = {11},
journal = {Journal of Astronomical Telescopes, Instruments, and Systems},
number = {1},
publisher = {SPIE},
pages = {011209},
keywords = {charge-coupled devices, algorithms, software, calibration, galaxy surveys, Calibration, Large Synoptic Survey Telescope, Intelligence systems, Equipment, Image processing, Charge-coupled devices, Crosstalk, Image segmentation, Bias correction, Sensors},
year = {2025},
doi = {10.1117/1.JATIS.11.1.011209},
URL = {https://doi.org/10.1117/1.JATIS.11.1.011209}
}

@ARTICLE{2023arXiv230303313L,
       author = {{Lust}, Nate B. and {Jenness}, Tim and {Bosch}, James F. and {Salnikov}, Andrei and {Pease}, Nathan M. and {Gower}, Michelle and {Kowalik}, Mikolaj and {Dubois-Felsmann}, Gregory P. and {Mueller}, Fritz and {Schellart}, Pim},
        title = "{Data management and execution systems for the Rubin Observatory Science Pipelines}",
      journal = {arXiv e-prints},
     keywords = {Astrophysics - Instrumentation and Methods for Astrophysics, Computer Science - Distributed, Parallel, and Cluster Computing},
         year = 2023,
        month = mar,
          eid = {arXiv:2303.03313},
        pages = {arXiv:2303.03313},
          doi = {10.48550/arXiv.2303.03313},
archivePrefix = {arXiv},
       eprint = {2303.03313},
 primaryClass = {astro-ph.IM},
       adsurl = {https://ui.adsabs.harvard.edu/abs/2023arXiv230303313L},
      adsnote = {Provided by the SAO/NASA Astrophysics Data System}
}

@INPROCEEDINGS{C15_adassxxxii,
   author     = {Fritz Mueller and others},
booktitle     = {ADASS XXXII},
    title     = "{Qserv: A Distributed Petascale Database for the LSST Catalogs}",
     year     = 2023,
   editor     = {{Gaudet}, S. and {Gwyn}, S. and {Dowler}, P. and {Bohlender}, D. and {Hincks}, A.},
   volume     = {TBD},
   series     = {ASP Conf. Ser.},
    pages     = {in press},
    publisher = "ASP",
    address   = "San Francisco",
    url       = {https://dmtn-243.lsst.io}
}

@ARTICLE{1963BAAA....6...41S,
       author = {{S{\'e}rsic}, J.~L.},
        title = "{Influence of the atmospheric and instrumental dispersion on the brightness distribution in a galaxy}",
      journal = {Boletin de la Asociacion Argentina de Astronomia La Plata Argentina},
         year = 1963,
        month = feb,
       volume = {6},
        pages = {41-43},
       adsurl = {https://ui.adsabs.harvard.edu/abs/1963BAAA....6...41S},
      adsnote = {Provided by the SAO/NASA Astrophysics Data System}
}

@BOOK{1968adga.book.....S,
       author = {{Sersic}, Jose Luis},
        title = "{Atlas de Galaxias Australes}",
         year = 1968,
    publisher = {Cordoba, Argentina: Observatorio Astronomico},
       adsurl = {https://ui.adsabs.harvard.edu/abs/1968adga.book.....S},
      adsnote = {Provided by the SAO/NASA Astrophysics Data System}
}

@ARTICLE{2003ARA&A..41..645R,
       author = {{Refregier}, Alexandre},
        title = "{Weak Gravitational Lensing by Large-Scale Structure}",
      journal = {\araa},
     keywords = {Astrophysics},
         year = 2003,
        month = jan,
       volume = {41},
        pages = {645-668},
          doi = {10.1146/annurev.astro.41.111302.102207},
archivePrefix = {arXiv},
       eprint = {astro-ph/0307212},
 primaryClass = {astro-ph},
       adsurl = {https://ui.adsabs.harvard.edu/abs/2003ARA&A..41..645R},
      adsnote = {Provided by the SAO/NASA Astrophysics Data System}
}

@ARTICLE{2008A&A...482.1053K,
       author = {{Kuijken}, K.},
        title = "{GaaP: PSF- and aperture-matched photometry using shapelets}",
      journal = {\aap},
     keywords = {techniques: image processing, methods: data analysis, techniques: photometric, galaxies: fundamental parameters, Astrophysics},
         year = 2008,
        month = may,
       volume = {482},
       number = {3},
        pages = {1053-1067},
          doi = {10.1051/0004-6361:20066601},
archivePrefix = {arXiv},
       eprint = {astro-ph/0610606},
 primaryClass = {astro-ph},
       adsurl = {https://ui.adsabs.harvard.edu/abs/2008A&A...482.1053K},
      adsnote = {Provided by the SAO/NASA Astrophysics Data System}
}

@ARTICLE{1980ApJS...43..305K,
       author = {{Kron}, R.~G.},
        title = "{Photometry of a complete sample of faint galaxies.}",
      journal = {\apjs},
     keywords = {Astronomical Photometry, Galactic Radiation, Galaxies, Star Distribution, Calibrating, Colorimetry, Distribution Functions, Galactic Evolution, Luminous Intensity, Tables (Data), Astronomy},
         year = 1980,
        month = jun,
       volume = {43},
        pages = {305-325},
          doi = {10.1086/190669},
       adsurl = {https://ui.adsabs.harvard.edu/abs/1980ApJS...43..305K},
      adsnote = {Provided by the SAO/NASA Astrophysics Data System}
}

@ARTICLE{2019ApJS..244...16W,
       author = {{Whitaker}, Katherine E. and {Ashas}, Mohammad and {Illingworth}, Garth and {Magee}, Daniel and {Leja}, Joel and {Oesch}, Pascal and {van Dokkum}, Pieter and {Mowla}, Lamiya and {Bouwens}, Rychard and {Franx}, Marijn and {Holden}, Bradford and {Labb{\'e}}, Ivo and {Rafelski}, Marc and {Teplitz}, Harry and {Gonzalez}, Valentino},
        title = "{The Hubble Legacy Field GOODS-S Photometric Catalog}",
      journal = {\apjs},
     keywords = {catalogs, galaxies: evolution, galaxies: general, methods: data analysis, techniques: photometric, Astrophysics - Astrophysics of Galaxies},
         year = 2019,
        month = sep,
       volume = {244},
       number = {1},
          eid = {16},
        pages = {16},
          doi = {10.3847/1538-4365/ab3853},
archivePrefix = {arXiv},
       eprint = {1908.05682},
 primaryClass = {astro-ph.GA},
       adsurl = {https://ui.adsabs.harvard.edu/abs/2019ApJS..244...16W},
      adsnote = {Provided by the SAO/NASA Astrophysics Data System}
}

@ARTICLE{2016arXiv160600841I,
       author = {{Illingworth}, Garth and {Magee}, Daniel and {Bouwens}, Rychard and {Oesch}, Pascal and {Labbe}, Ivo and {van Dokkum}, Pieter and {Whitaker}, Katherine and {Holden}, Bradford and {Franx}, Marijn and {Gonzalez}, Valentino},
        title = "{The Hubble Legacy Fields (HLF-GOODS-S) v1.5 Data Products: Combining 2442 Orbits of GOODS-S/CDF-S Region ACS and WFC3/IR Images}",
      journal = {arXiv e-prints},
     keywords = {Astrophysics - Astrophysics of Galaxies},
         year = 2016,
        month = jun,
          eid = {arXiv:1606.00841},
        pages = {arXiv:1606.00841},
          doi = {10.48550/arXiv.1606.00841},
archivePrefix = {arXiv},
       eprint = {1606.00841},
 primaryClass = {astro-ph.GA},
       adsurl = {https://ui.adsabs.harvard.edu/abs/2016arXiv160600841I},
      adsnote = {Provided by the SAO/NASA Astrophysics Data System}
}

@ARTICLE{2025arXiv250105739B,
       author = {{Bechtol}, K. and {Sevilla-Noarbe}, I. and {Drlica-Wagner}, A. and {Yanny}, B. and {Gruendl}, R.~A. and {Sheldon}, E. and {Rykoff}, E.~S. and {De Vicente}, J. and {Adamow}, M. and {Anbajagane}, D. and {Becker}, M.~R. and {Bernstein}, G.~M. and {Carnero Rosell}, A. and {Gschwend}, J. and {Gorsuch}, M. and {Hartley}, W.~G. and {Jarvis}, M. and {Jeltema}, T. and {Kron}, R. and {Manning}, T.~A. and {O'Donnell}, J. and {Pieres}, A. and {Rodr{\'\i}guez-Monroy}, M. and {Sanchez Cid}, D. and {Tabbutt}, M. and {Toribio San Cipriano}, L. and {Tucker}, D.~L. and {Weaverdyck}, N. and {Yamamoto}, M. and {Abbott}, T.~M.~C. and {Aguena}, M. and {Alarc{\'o}n}, A. and {Allam}, S. and {Amon}, A. and {Andrade-Oliveira}, F. and {Avila}, S. and {Bernardinelli}, P.~H. and {Bertin}, E. and {Blazek}, J. and {Brooks}, D. and {Burke}, D.~L. and {Carretero}, J. and {Castander}, F.~J. and {Cawthon}, R. and {Chang}, C. and {Choi}, A. and {Conselice}, C. and {Costanzi}, M. and {Crocce}, M. and {da Costa}, L.~N. and {Davis}, T.~M. and {Desai}, S. and {Diehl}, H.~T. and {Dodelson}, S. and {Doel}, P. and {Doux}, C. and {Fert{\'e}}, A. and {Flaugher}, B. and {Fosalba}, P. and {Frieman}, J. and {Garc{\'\i}a-Bellido}, J. and {Gatti}, M. and {Gaztanaga}, E. and {Giannini}, G. and {Gruen}, D. and {Gutierrez}, G. and {Herner}, K. and {Hinton}, S.~R. and {Hollowood}, D.~L. and {Honscheid}, K. and {Huterer}, D. and {Jeffrey}, N. and {Krause}, E. and {Kuehn}, K. and {Lahav}, O. and {Lee}, S. and {Lidman}, C. and {Lima}, M. and {Lin}, H. and {Marshall}, J.~L. and {Mena-Fern{\'a}ndez}, J. and {Miquel}, R. and {Mohr}, J.~J. and {Muir}, J. and {Myles}, J. and {Ogando}, R.~L.~C. and {Palmese}, A. and {Plazas Malag{\'o}n}, A.~A. and {Porredon}, A. and {Prat}, J. and {Raveri}, M. and {Romer}, A.~K. and {Roodman}, A. and {Samuroff}, S. and {Sanchez}, E. and {Scarpine}, V. and {Smith}, M. and {Soares-Santos}, M. and {Suchyta}, E. and {Tarle}, G. and {Troxel}, M.~A. and {Vikram}, V. and {Walker}, A.~R. and {Weller}, J. and {Wiseman}, P. and {Zhang}, Y.},
        title = "{Dark Energy Survey Year 6 Results: Photometric Data Set for Cosmology}",
      journal = {arXiv e-prints},
     keywords = {Astrophysics - Cosmology and Nongalactic Astrophysics},
         year = 2025,
        month = jan,
          eid = {arXiv:2501.05739},
        pages = {arXiv:2501.05739},
          doi = {10.48550/arXiv.2501.05739},
archivePrefix = {arXiv},
       eprint = {2501.05739},
 primaryClass = {astro-ph.CO},
       adsurl = {https://ui.adsabs.harvard.edu/abs/2025arXiv250105739B},
      adsnote = {Provided by the SAO/NASA Astrophysics Data System}
}

@ARTICLE{2025arXiv250315305E,
       author = {{Euclid Collaboration} and {Romelli}, E. and {K{\"u}mmel}, M. and {Dole}, H. and {Gracia-Carpio}, J. and {Merlin}, E. and {Galeotta}, S. and {Fang}, Y. and {Castellano}, M. and {Caro}, F. and {Soubrie}, E. and {Maurin}, L. and {Cabanac}, R. and {Dimauro}, P. and {Huertas-Company}, M. and {Lepinzan}, M.~D. and {Vassallo}, T. and {Walmsley}, M. and {Zinchenko}, I.~A. and {Boucaud}, A. and {Calabro}, A. and {Roscani}, V. and {Tramacere}, A. and {Douspis}, M. and {Fontana}, A. and {Aghanim}, N. and {Altieri}, B. and {Amara}, A. and {Andreon}, S. and {Auricchio}, N. and {Aussel}, H. and {Baccigalupi}, C. and {Baldi}, M. and {Balestra}, A. and {Bardelli}, S. and {Basset}, A. and {Battaglia}, P. and {Belikov}, A.~N. and {Biviano}, A. and {Bonchi}, A. and {Bonino}, D. and {Branchini}, E. and {Brescia}, M. and {Brinchmann}, J. and {Camera}, S. and {Ca{\~n}as-Herrera}, G. and {Capobianco}, V. and {Carbone}, C. and {Carretero}, J. and {Casas}, S. and {Castander}, F.~J. and {Castignani}, G. and {Cavuoti}, S. and {Chambers}, K.~C. and {Cimatti}, A. and {Colodro-Conde}, C. and {Congedo}, G. and {Conselice}, C.~J. and {Conversi}, L. and {Copin}, Y. and {Courbin}, F. and {Courtois}, H.~M. and {Cropper}, M. and {Cuby}, J. -G. and {Da Silva}, A. and {da Silva}, R. and {Degaudenzi}, H. and {de la Torre}, S. and {De Lucia}, G. and {Di Giorgio}, A.~M. and {Dubath}, F. and {Duncan}, C.~A.~J. and {Dupac}, X. and {Dusini}, S. and {Escoffier}, S. and {Fabricius}, M. and {Farina}, M. and {Farinelli}, R. and {Faustini}, F. and {Ferriol}, S. and {Finelli}, F. and {Fotopoulou}, S. and {Fourmanoit}, N. and {Frailis}, M. and {Franceschi}, E. and {George}, K. and {Gillard}, W. and {Gillis}, B. and {Giocoli}, C. and {Granett}, B.~R. and {Grazian}, A. and {Grupp}, F. and {Gwyn}, S. and {Haugan}, S.~V.~H. and {Hoar}, J. and {Hoekstra}, H. and {Holmes}, W. and {Hook}, I.~M. and {Hormuth}, F. and {Hornstrup}, A. and {Jahnke}, K. and {Jhabvala}, M. and {Joachimi}, B. and {Keih{\"a}nen}, E. and {Kermiche}, S. and {Kiessling}, A. and {Kilbinger}, M. and {Kubik}, B. and {Kuijken}, K. and {Kunz}, M. and {Kurki-Suonio}, H. and {Laureijs}, R. and {Le Boulc'h}, Q. and {Le Brun}, A.~M.~C. and {Le Mignant}, D. and {Liebing}, P. and {Ligori}, S. and {Lilje}, P.~B. and {Lindholm}, V. and {Lloro}, I. and {Mainetti}, G. and {Maino}, D. and {Maiorano}, E. and {Mansutti}, O. and {Marcin}, S. and {Marggraf}, O. and {Martinelli}, M. and {Martinet}, N. and {Marulli}, F. and {Massey}, R. and {Maurogordato}, S. and {McCracken}, H.~J. and {Medinaceli}, E. and {Mei}, S. and {Melchior}, M. and {Mellier}, Y. and {Meneghetti}, M. and {Meylan}, G. and {Mora}, A. and {Moresco}, M. and {Moscardini}, L. and {Nakajima}, R. and {Neissner}, C. and {Nichol}, R.~C. and {Niemi}, S. -M. and {Nightingale}, J.~W. and {Padilla}, C. and {Paltani}, S. and {Pasian}, F. and {Pedersen}, K. and {Percival}, W.~J. and {Pettorino}, V. and {Pires}, S. and {Polenta}, G. and {Poncet}, M. and {Popa}, L.~A. and {Pozzetti}, L. and {Racca}, G.~D. and {Raison}, F. and {Renzi}, A. and {Rhodes}, J. and {Riccio}, G. and {Roncarelli}, M. and {Rossetti}, E. and {Saglia}, R. and {Sakr}, Z. and {S{\'a}nchez}, A.~G. and {Sapone}, D. and {Sartoris}, B. and {Schewtschenko}, J.~A. and {Schirmer}, M. and {Schneider}, P. and {Scodeggio}, M. and {Secroun}, A. and {Sefusatti}, E. and {Seidel}, G. and {Seiffert}, M. and {Serrano}, S. and {Simon}, P. and {Sirignano}, C. and {Sirri}, G. and {Spurio Mancini}, A. and {Stanco}, L. and {Steinwagner}, J. and {Tallada-Cresp{\'\i}}, P. and {Tavagnacco}, D. and {Taylor}, A.~N. and {Teplitz}, H.~I. and {Tereno}, I. and {Tessore}, N. and {Toft}, S. and {Toledo-Moreo}, R. and {Torradeflot}, F. and {Tsyganov}, A. and {Tutusaus}, I. and {Valentijn}, E.~A. and {Valenziano}, L. and {Valiviita}, J. and {Verdoes Kleijn}, G. and {Veropalumbo}, A.},
        title = "{Euclid Quick Data Release (Q1): From images to multiwavelength catalogues: the Euclid MERge Processing Function}",
      journal = {arXiv e-prints},
     keywords = {Astrophysics - Instrumentation and Methods for Astrophysics, Astrophysics - Cosmology and Nongalactic Astrophysics},
         year = 2025,
        month = mar,
          eid = {arXiv:2503.15305},
        pages = {arXiv:2503.15305},
          doi = {10.48550/arXiv.2503.15305},
archivePrefix = {arXiv},
       eprint = {2503.15305},
 primaryClass = {astro-ph.IM},
       adsurl = {https://ui.adsabs.harvard.edu/abs/2025arXiv250315305E},
      adsnote = {Provided by the SAO/NASA Astrophysics Data System}
}
@ARTICLE{2017PASP..129g4503B,
       author = {{Bernstein}, G.~M. and {Armstrong}, R. and {Plazas}, A.~A. and {Walker}, A.~R. and {Abbott}, T.~M.~C. and {Allam}, S. and {Bechtol}, K. and {Benoit-L{\'e}vy}, A. and {Brooks}, D. and {Burke}, D.~L. and {Carnero Rosell}, A. and {Carrasco Kind}, M. and {Carretero}, J. and {Cunha}, C.~E. and {da Costa}, L.~N. and {DePoy}, D.~L. and {Desai}, S. and {Diehl}, H.~T. and {Eifler}, T.~F. and {Fernandez}, E. and {Fosalba}, P. and {Frieman}, J. and {Garc{\'\i}a-Bellido}, J. and {Gerdes}, D.~W. and {Gruen}, D. and {Gruendl}, R.~A. and {Gschwend}, J. and {Gutierrez}, G. and {Honscheid}, K. and {James}, D.~J. and {Kent}, S. and {Krause}, E. and {Kuehn}, K. and {Kuropatkin}, N. and {Li}, T.~S. and {Maia}, M.~A.~G. and {March}, M. and {Marshall}, J.~L. and {Menanteau}, F. and {Miquel}, R. and {Ogando}, R.~L.~C. and {Reil}, K. and {Roodman}, A. and {Rykoff}, E.~S. and {Sanchez}, E. and {Scarpine}, V. and {Schindler}, R. and {Schubnell}, M. and {Sevilla-Noarbe}, I. and {Smith}, M. and {Smith}, R.~C. and {Soares-Santos}, M. and {Sobreira}, F. and {Suchyta}, E. and {Swanson}, M.~E.~C. and {Tarle}, G. and {DES Collaboration}},
        title = "{Astrometric Calibration and Performance of the Dark Energy Camera}",
      journal = {\pasp},
     keywords = {Astrophysics - Instrumentation and Methods for Astrophysics},
         year = 2017,
        month = jul,
       volume = {129},
       number = {977},
        pages = {074503},
          doi = {10.1088/1538-3873/aa6c55},
archivePrefix = {arXiv},
       eprint = {1703.01679},
 primaryClass = {astro-ph.IM},
       adsurl = {https://ui.adsabs.harvard.edu/abs/2017PASP..129g4503B},
      adsnote = {Provided by the SAO/NASA Astrophysics Data System}
}

@ARTICLE{2021A&A...650A..81L,
       author = {{L{\'e}get}, P. -F. and {Astier}, P. and {Regnault}, N. and {Jarvis}, M. and {Antilogus}, P. and {Roodman}, A. and {Rubin}, D. and {Saunders}, C.},
        title = "{Improving the astrometric solution of the Hyper Suprime-Cam with anisotropic Gaussian processes}",
      journal = {\aap},
     keywords = {cosmology: observations, gravitational lensing: weak, techniques: image processing, atmospheric effects, astrometry, Astrophysics - Instrumentation and Methods for Astrophysics, Astrophysics - Cosmology and Nongalactic Astrophysics},
         year = 2021,
        month = jun,
       volume = {650},
          eid = {A81},
        pages = {A81},
          doi = {10.1051/0004-6361/202140463},
archivePrefix = {arXiv},
       eprint = {2103.09881},
 primaryClass = {astro-ph.IM},
       adsurl = {https://ui.adsabs.harvard.edu/abs/2021A&A...650A..81L},
      adsnote = {Provided by the SAO/NASA Astrophysics Data System}
}

@ARTICLE{2021AJ....162..106F,
       author = {{Fortino}, W.~F. and {Bernstein}, G.~M. and {Bernardinelli}, P.~H. and {Aguena}, M. and {Allam}, S. and {Annis}, J. and {Bacon}, D. and {Bechtol}, K. and {Bhargava}, S. and {Brooks}, D. and {Burke}, D.~L. and {Carretero}, J. and {Choi}, A. and {Costanzi}, M. and {Costa}, L.~N. da and {Pereira}, M.~E.~S. and {De Vicente}, J. and {Desai}, S. and {Doel}, P. and {Drlica-Wagner}, A. and {Eckert}, K. and {Eifler}, T.~F. and {Evrard}, A.~E. and {Ferrero}, I. and {Frieman}, J. and {Garc{\'\i}a-Bellido}, J. and {Gazta{\~n}aga}, E. and {Gerdes}, D.~W. and {Gruendl}, R.~A. and {Gschwend}, J. and {Gutierrez}, G. and {Hartley}, W.~G. and {Hinton}, S.~R. and {Hollowood}, D.~L. and {Honscheid}, K. and {James}, D.~J. and {Jarvis}, M. and {Kent}, S. and {Kuehn}, K. and {Kuropatkin}, N. and {Maia}, M.~A.~G. and {Marshall}, J.~L. and {Menanteau}, F. and {Miquel}, R. and {Morgan}, R. and {Myles}, J. and {Ogando}, R.~L.~C. and {Palmese}, A. and {Paz-Chinch{\'o}n}, F. and {Plazas}, A.~A. and {Roodman}, A. and {Rykoff}, E.~S. and {Sanchez}, E. and {Santiago}, B. and {Scarpine}, V. and {Schubnell}, M. and {Serrano}, S. and {Sevilla-Noarbe}, I. and {Smith}, M. and {Suchyta}, E. and {Tarle}, G. and {To}, C. and {Tucker}, D.~L. and {Varga}, T.~N. and {Walker}, A.~R. and {Weller}, J. and {Wester}, W. and {DES Collaboration}},
        title = "{Reducing Ground-based Astrometric Errors with Gaia and Gaussian Processes}",
      journal = {\aj},
     keywords = {Astrometry, Sky noise, Astronomy data analysis, 80, 1463, 1858, Astrophysics - Instrumentation and Methods for Astrophysics},
         year = 2021,
        month = sep,
       volume = {162},
       number = {3},
          eid = {106},
        pages = {106},
          doi = {10.3847/1538-3881/ac0722},
archivePrefix = {arXiv},
       eprint = {2010.13742},
 primaryClass = {astro-ph.IM},
       adsurl = {https://ui.adsabs.harvard.edu/abs/2021AJ....162..106F},
      adsnote = {Provided by the SAO/NASA Astrophysics Data System}
}

@ARTICLE{2025arXiv250100544J,
       author = {{Jenness}, Tim and {Voutsinas}, Stelios and {Dubois-Felsmann}, Gregory P. and {Salnikov}, Andrei},
        title = "{Implementing SIAv2 Over Rubin Observatory's Data Butler}",
      journal = {arXiv e-prints},
     keywords = {Astrophysics - Instrumentation and Methods for Astrophysics},
         year = 2024,
        month = dec,
          eid = {arXiv:2501.00544},
        pages = {arXiv:2501.00544},
          doi = {10.48550/arXiv.2501.00544},
archivePrefix = {arXiv},
       eprint = {2501.00544},
 primaryClass = {astro-ph.IM},
       adsurl = {https://ui.adsabs.harvard.edu/abs/2025arXiv250100544J},
      adsnote = {Provided by the SAO/NASA Astrophysics Data System}
}

@INPROCEEDINGS{2022SPIE12184E..0JS,
       author = {{Stalder}, Brian and {Reil}, Kevin and {Aguilar}, Christian and {Araya}, Claudio and {Borstad}, Anthony and {Bowdish}, Boyd and {Cho}, Myung and {Cisneros}, Stephen and {Claver}, Chuck and {Constanzo}, Julio and {Corvetto}, Giovanni and {Drass}, Holger and {Economou}, Frossie and {Dennihy}, Erik and {Eisner}, Alan and {Fabrega}, Juan and {Fausti Neto}, Angelo and {Fisher-Levine}, Merlin and {Gonzalez}, Ivan and {Harris}, Ronald and {Hascall}, Diane and {Haupt}, Justine and {Hoblitt}, Josh and {Howard}, James and {Huffer}, Mike and {Jenness}, Tim and {Jim{\'e}nez Mej{\'\i}as}, David and {Johnson}, Brian and {Johnson}, Tony and {Krughoff}, K. Simon and {Lage}, Craig and {Lange}, Travis and {Liang}, Ming and {Lopez}, Juan and {Lopez}, Margaux and {Lupton}, Robert and {Maulen}, Guido and {Menanteau}, Felipe and {Mills}, Neill and {Morris}, Glenn R. and {Munoz}, Freddy and {Neal}, Homer and {Neill}, Douglas R. and {Newbry}, Scott and {Nomerotski}, Andrei and {Onoprienko}, Dmitry and {Ordenes}, Ian and {Orellana}, Juan and {Osier}, Shawn and {Park}, HyeYun and {Pietrowicz}, Steve and {Plazas}, Andres and {Poczulp}, Gary and {Qiu}, Brian and {Quint}, Bruno and {Reinking}, Heinrich and {Reuter}, Michael and {Ribeiro}, Tiago and {Rojas}, Rodrigo and {Romero}, Sandra and {Schindler}, Rafe and {Schoening}, Bill and {Sebag}, Jacques and {Shugart}, Alysha and {Silva}, Cristian and {Sotuela}, Ioana and {Tache}, Anthony and {Tapia}, Diego and {Thayer}, John G. and {Thomas}, Sandrine and {Tighe}, Roberto and {Tsai}, Tei-Wei and {Turri}, Max and {Tyson}, Tony and {Vergara}, Luis and {Walter}, Christopher and {Wiecha}, Oliver and {Xiong}, Van},
        title = "{Rubin Observatory Commissioning Camera: summit integration}",
    booktitle = {Ground-based and Airborne Instrumentation for Astronomy IX},
         year = 2022,
       editor = {{Evans}, Christopher J. and {Bryant}, Julia J. and {Motohara}, Kentaro},
       series = {Society of Photo-Optical Instrumentation Engineers (SPIE) Conference Series},
       volume = {12184},
        month = aug,
          eid = {121840J},
        pages = {121840J},
          doi = {10.1117/12.2630184},
       adsurl = {https://ui.adsabs.harvard.edu/abs/2022SPIE12184E..0JS},
      adsnote = {Provided by the SAO/NASA Astrophysics Data System}
}

@INPROCEEDINGS{2024SPIE13094E..09S,
       author = {{Stalder}, Brian and {Munoz}, Freddy and {Aguilar}, Christian and {Araya}, Claudio and {Aubel}, Karla and {Barr}, Jeffrey and {Borstad}, Anthony and {Claver}, Charles and {Clements}, Andy W. and {Constanzo}, Julio and {Corvetto}, Giovanni and {Coughlin}, Eric and {Daruich}, Felipe and {Dennihy}, Erik and {Drass}, Holger and {Esteves}, Johnny and {F{\'a}brega}, Juan and {Fanning}, Kevin and {Ferguson}, Peter and {Fernandez}, Manuelangel Garcia and {Fernandez}, Miguel and {Fernandez Lobon}, Pelayo and {Fisher-Levine}, Merlin and {Gamundi}, Samuel Bellver and {Garcia}, Julen and {Gonzalez}, Ivan and {Harris}, Ronald and {Herrera}, Hernan and {Hoblitt}, Joshua and {Izpizua}, Alberto and {Jimenez Mejias}, David and {Johnson}, Brian and {Kang}, Yijung and {Kelkar}, Kshitija and {Lage}, Craig and {Lopez Toro}, Juan and {Maulen}, Guido and {Mills}, David and {Mills}, Neill and {Neill}, Doug and {Nunez}, Oscar and {Ordenes}, Ian and {Orellana}, Juan and {Park}, HyeYun and {Quint}, Bruno and {Reil}, Kevin and {Reinking}, Heinrich and {Reuter}, Michael and {Ribeiro}, Tiago and {Rojas}, Rodrigo and {Romero}, Sandra and {Romero Casas}, Francisco Manuel and {Sanmartim}, David and {Saunders}, Clare and {Schoening}, Bill and {Sebag}, Jacques and {Serrano}, Eduardo and {Shestakov}, Adrian and {Shugart}, Alysha and {Silva}, Christian and {Siruno}, Kevin and {Sotuela}, Ioana and {Tache}, Anthony and {Tapia}, Diego and {Thomas}, Sandrine and {Tighe}, Roberto and {Tsai}, Te-Wei and {Urbach}, Elana and {Vergara}, Luis and {Walter}, Christopher},
        title = "{Rubin Observatory Simonyi Survey Telescope integrated mount performance}",
    booktitle = {Ground-based and Airborne Telescopes X},
         year = 2024,
       editor = {{Marshall}, Heather K. and {Spyromilio}, Jason and {Usuda}, Tomonori},
       series = {Society of Photo-Optical Instrumentation Engineers (SPIE) Conference Series},
       volume = {13094},
        month = aug,
          eid = {1309409},
        pages = {1309409},
          doi = {10.1117/12.3019266},
       adsurl = {https://ui.adsabs.harvard.edu/abs/2024SPIE13094E..09S},
      adsnote = {Provided by the SAO/NASA Astrophysics Data System}
}

@INPROCEEDINGS{2024SPIE13094E..3NM,
       author = {{Megias Homar}, Guillem and {Meyers}, Joshua M. and {Thomas}, Sandrine J. and {Kahn}, Steven M. and {Connolly}, Andrew J. and {Crenshaw}, John Franklin and {Kalmbach}, J. Bryce and {Suberlak}, Krzysztof and {Polen}, Rebekah and {Tsai}, Tei-Wei and {Ribeiro}, Tiago and {Tighe}, Roberto and {Rodeghiero}, Gabriele and {Canestrari}, Rodolfo and {Giro}, Enrico and {Niell}, Douglas and {Kub{\'a}nek}, Petr and {Rosignoli}, Luca and {Rivera}, Mario and {Sebag}, Jacques and {Mills}, Dave and {Zorzi}, Pablo and {L{\'o}pez}, Juan and {Jimenez}, David and {Ordenes}, Ian and {Fabrega}, Juan},
        title = "{Advancing the Vera C. Rubin Observatory active optics control system}",
    booktitle = {Ground-based and Airborne Telescopes X},
         year = 2024,
       editor = {{Marshall}, Heather K. and {Spyromilio}, Jason and {Usuda}, Tomonori},
       series = {Society of Photo-Optical Instrumentation Engineers (SPIE) Conference Series},
       volume = {13094},
        month = aug,
          eid = {130943N},
        pages = {130943N},
          doi = {10.1117/12.3019361},
       adsurl = {https://ui.adsabs.harvard.edu/abs/2024SPIE13094E..3NM},
      adsnote = {Provided by the SAO/NASA Astrophysics Data System}
}



@INPROCEEDINGS{2024ASPC..535..227O,
       author = {{O'Mullane}, W. and {Economou}, F. and {Huang}, F. and {Speck}, D. and {Chiang}, H. and {Graham}, M.~L. and {Allbery}, R. and {Banek}, C. and {Sick}, J. and {Thornton}, A.~J. and {Masciarelli}, J. and {Lim}, K. and {Mueller}, F. and {Padolsi}, S. and {Jenness}, T. and {Krughoff}, K.~S. and {Gower}, M. and {Guy}, L.~P. and {Dubois-Felsmann}, G.~P.},
        title = "{Rubin Science Platform on Google: the story so far}",
     keywords = {Astrophysics - Instrumentation and Methods for Astrophysics},
    booktitle = {Astromical Data Analysis Software and Systems XXXI},
         year = 2024,
       editor = {{Hugo}, B.~V. and {Van Rooyen}, R. and {Smirnov}, O.~M.},
       series = {Astronomical Society of the Pacific Conference Series},
       volume = {535},
        month = may,
        pages = {227},
          doi = {10.48550/arXiv.2111.15030},
archivePrefix = {arXiv},
       eprint = {2111.15030},
 primaryClass = {astro-ph.IM},
       adsurl = {https://ui.adsabs.harvard.edu/abs/2024ASPC..535..227O},
      adsnote = {Provided by the SAO/NASA Astrophysics Data System}
}

@INPROCEEDINGS{2024SPIE13101E..2BO,
       author = {{O'Mullane}, William and {AlSayyad}, Yusra and {Chiang}, James and {Dubois}, Richard and {Economou}, Frossie and {Hernandez}, Fabio and {Huang}, Flora and {Jenness}, Tim and {Lim}, Kian-Tat and {Li}, Yee-Ting and {Mueller}, Fritz and {Speck}, Dan and {Pietrowicz}, Stephen and {Yang}, Wei},
        title = "{Rubin's hybrid on premises-cloud data access center}",
    booktitle = {Software and Cyberinfrastructure for Astronomy VIII},
         year = 2024,
       editor = {{Ibsen}, Jorge and {Chiozzi}, Gianluca},
       series = {Society of Photo-Optical Instrumentation Engineers (SPIE) Conference Series},
       volume = {13101},
        month = jul,
          eid = {131012B},
        pages = {131012B},
          doi = {10.1117/12.3018005},
       adsurl = {https://ui.adsabs.harvard.edu/abs/2024SPIE13101E..2BO},
      adsnote = {Provided by the SAO/NASA Astrophysics Data System}
}

@INPROCEEDINGS{2019ASPC..521...32W,
       author = {{Wu}, Xiuqin and {Roby}, W. and {Goldian}, T. and {Joliet}, E. and {Ly}, L. and {Mi}, W. and {Wang}, C. and {Zhang}, L. and {Ciardi}, D. and {Dubois-Felsmann}, G.},
        title = "{Next Generation Firefly for Web Application}",
    booktitle = {Astronomical Data Analysis Software and Systems XXVI},
         year = 2019,
       editor = {{Molinaro}, Marco and {Shortridge}, Keith and {Pasian}, Fabio},
       series = {Astronomical Society of the Pacific Conference Series},
       volume = {521},
        month = oct,
        pages = {32},
       adsurl = {https://ui.adsabs.harvard.edu/abs/2019ASPC..521...32W},
      adsnote = {Provided by the SAO/NASA Astrophysics Data System}
}

@INPROCEEDINGS{10.1145/3620665.3640366,
    author = {Ansel, Jason and Yang, Edward and He, Horace and Gimelshein, Natalia and Jain, Animesh and Voznesensky, Michael and Bao, Bin and Bell, Peter and Berard, David and Burovski, Evgeni and Chauhan, Geeta and Chourdia, Anjali and Constable, Will and Desmaison, Alban and DeVito, Zachary and Ellison, Elias and Feng, Will and Gong, Jiong and Gschwind, Michael and Hirsh, Brian and Huang, Sherlock and Kalambarkar, Kshiteej and Kirsch, Laurent and Lazos, Michael and Lezcano, Mario and Liang, Yanbo and Liang, Jason and Lu, Yinghai and Luk, CK and Maher, Bert and Pan, Yunjie and Puhrsch, Christian and Reso, Matthias and Saroufim, Mark and Siraichi, Marcos Yukio and Suk, Helen and Suo, Michael and Tillet, Phil and Wang, Eikan and Wang, Xiaodong and Wen, William and Zhang, Shunting and Zhao, Xu and Zhou, Keren and Zou, Richard and Mathews, Ajit and Chanan, Gregory and Wu, Peng and Chintala, Soumith},
    booktitle = {29th ACM International Conference on Architectural Support for Programming Languages and Operating Systems, Volume 2 (ASPLOS '24)},
    doi = {10.1145/3620665.3640366},
    month = apr,
    publisher = {ACM},
    title = {{PyTorch 2: Faster Machine Learning Through Dynamic Python Bytecode Transformation and Graph Compilation}},
    url = {https://pytorch.org/assets/pytorch2-2.pdf},
    year = {2024}
}

@ARTICLE{2015A&A...578A.114F,
       author = {{Fernique}, P. and {Allen}, M.~G. and {Boch}, T. and {Oberto}, A. and {Pineau}, F. -X. and {Durand}, D. and {Bot}, C. and {Cambr{\'e}sy}, L. and {Derriere}, S. and {Genova}, F. and {Bonnarel}, F.},
        title = "{Hierarchical progressive surveys. Multi-resolution HEALPix data structures for astronomical images, catalogues, and 3-dimensional data cubes}",
      journal = {\aap},
     keywords = {surveys, atlases, astronomical databases: miscellaneous, catalogs, virtual observatory tools, methods: statistical, Astrophysics - Instrumentation and Methods for Astrophysics},
         year = 2015,
        month = jun,
       volume = {578},
          eid = {A114},
        pages = {A114},
          doi = {10.1051/0004-6361/201526075},
archivePrefix = {arXiv},
       eprint = {1505.02291},
 primaryClass = {astro-ph.IM},
       adsurl = {https://ui.adsabs.harvard.edu/abs/2015A&A...578A.114F},
      adsnote = {Provided by the SAO/NASA Astrophysics Data System}
}

@ARTICLE{1948AnAp...11..247D,
       author = {{de Vaucouleurs}, Gerard},
        title = "{Recherches sur les Nebuleuses Extragalactiques}",
      journal = {Annales d'Astrophysique},
         year = 1948,
        month = jan,
       volume = {11},
        pages = {247},
       adsurl = {https://ui.adsabs.harvard.edu/abs/1948AnAp...11..247D},
      adsnote = {Provided by the SAO/NASA Astrophysics Data System}
}

@ARTICLE{1953MNRAS.113..134D,
       author = {{de Vaucouleurs}, G.},
        title = "{On the distribution of mass and luminosity in elliptical galaxies}",
      journal = {\mnras},
         year = 1953,
        month = jan,
       volume = {113},
        pages = {134},
          doi = {10.1093/mnras/113.2.134},
       adsurl = {https://ui.adsabs.harvard.edu/abs/1953MNRAS.113..134D},
      adsnote = {Provided by the SAO/NASA Astrophysics Data System}
}

@inproceedings{10.1117/12.3019031,
author = {{Megias Homar}, Guillem and {Tighe}, Roberto and {Thomas}, Sandrine and {Sandwith}, Scott and {Sebag}, Jacques and {Stalder}, Brian and {Rivera}, Mario and {Ribeiro}, Tiago and {Palmateer}, John and {Meyers}, Joshua E. and {Mills}, Dave and {Kahn}, Steven M. and {Mu{\~n}oz}, Freddy and {L{\'o}pez}, Juan and {Araya}, Claudio and {Aguilar}, Christian},
title = {{Integration and optical alignment of the Rubin Observatory Simonyi Survey Telescope with a laser tracker}},
volume = {13094},
booktitle = {Ground-based and Airborne Telescopes X},
editor = {Heather K. Marshall and Jason Spyromilio and Tomonori Usuda},
organization = {International Society for Optics and Photonics},
publisher = {SPIE},
pages = {130943C},
keywords = {Wide-field telescopes, Vera C. Rubin Observatory, Optical Alignment, Active Optics System, Misalignments, Optical aberrations, Laser tracker},
year = {2024},
doi = {10.1117/12.3019031},
URL = {https://doi.org/10.1117/12.3019031}
}

@INPROCEEDINGS{2023aoel.confE..67T,
       author = {{Thomas}, Sandrine and {Connolly}, Andrew and {Crenshaw}, John Franklin and {Bryce}, Kalmbach J. and {Megias}, Guillem and {Meyers}, Joshua E. and {Ribeiro}, Tiago and {Tsai}, Te-Wei and {Claver}, Chuck and {Neill}, Doug and {Braga}, Vittorio F. and {Fiorentino}, Giuliana and {Savarese}, Salvatore and {Schipani}, Pietro and {Schreiber}, Laura and {Di Criscienzo}, Marcella},
        title = "{Rubin Observatory Simonyi Survey Telescope Active Optics}",
     keywords = {Active Optics, Rubin Observatory, Curvature Wavefront sensing, Machine Learning, Alignment},
    booktitle = {Adaptive Optics for Extremely Large Telescopes (AO4ELT7)},
         year = 2023,
        month = jun,
          eid = {67},
        pages = {67},
          doi = {10.13009/AO4ELT7-2023-069},
       adsurl = {https://ui.adsabs.harvard.edu/abs/2023aoel.confE..67T},
      adsnote = {Provided by the SAO/NASA Astrophysics Data System}
}

@ARTICLE{1976ApJ...209L...1P,
       author = {{Petrosian}, V.},
        title = "{Surface Brightness and Evolution of Galaxies}",
      journal = {\apjl},
     keywords = {Astronomical Models, Galactic Evolution, Luminous Intensity, Red Shift, Surface Properties, Big Bang Cosmology, Cosmology, Hubble Diagram, Iterative Solution, Point Sources, Astrophysics},
         year = 1976,
        month = dec,
       volume = {210},
        pages = {L53},
          doi = {10.1086/18230110.1086/182253},
       adsurl = {https://ui.adsabs.harvard.edu/abs/1976ApJ...209L...1P},
      adsnote = {Provided by the SAO/NASA Astrophysics Data System}
}

@INPROCEEDINGS{2018SPIE10700E..3DH,
       author = {{Howard}, James and {Reil}, Kevin and {Claver}, Chuck and {Stalder}, Brian and {Liang}, Ming and {Tsai}, Tei-Wei and {Lange}, Travis and {Haupt}, Justine and {Wiecha}, Oliver and {Lopez}, Margaux and {Poczulp}, Gary and {Hascall}, Diane and {Neill}, Douglas R. and {Sebag}, Jacques},
        title = "{The LSST commissioning camera status and progress}",
    booktitle = {Ground-based and Airborne Telescopes VII},
         year = 2018,
       editor = {{Marshall}, Heather K. and {Spyromilio}, Jason},
       series = {Society of Photo-Optical Instrumentation Engineers (SPIE) Conference Series},
       volume = {10700},
        month = jul,
          eid = {107003D},
        pages = {107003D},
          doi = {10.1117/12.2312684},
       adsurl = {https://ui.adsabs.harvard.edu/abs/2018SPIE10700E..3DH},
      adsnote = {Provided by the SAO/NASA Astrophysics Data System}
}

@INPROCEEDINGS{2020SPIE11447E..0LS,
       author = {{Stalder}, Brian and {Reil}, Kevin and {Claver}, Chuck and {Liang}, Ming and {Tsai}, Tei Wei and {Lange}, Travis and {Haupt}, Justine and {Wiecha}, Oliver and {Lopez}, Margaux and {Poczulp}, Gary and {Hascall}, Diane and {Neill}, Douglas and {Sebag}, Jacques and {Johnson}, Brian and {Mills}, Neill and {Cho}, Myung and {Neal}, Homer and {Newbry}, Scott and {Osier}, Shawn and {Schindler}, Rafe and {Onoprienko}, Dmitry and {Johnson}, Anthony and {Morris}, R. Glenn and {Turri}, Max and {Eisner}, Alan and {Cisneros}, Stephen and {Xiong}, Van and {Huffer}, Michael and {Thayer}, Gregg and {Harris}, Ronald and {Borstad}, Anthony and {Tache}, Anthony and {Schoening}, William and {Tyson}, J. Anthony and {Lage}, Craig and {Fisher-Levine}, Merlin and {Lupton}, Robert and {Plazas}, Andres and {Menanteau}, Felipe and {Htay Win}, Htut Khine and {Pietrowicz}, Stephen and {Howard}, James},
        title = "{Rubin commissioning camera: integration, functional testing, and lab performance}",
    booktitle = {Ground-based and Airborne Instrumentation for Astronomy VIII},
         year = 2020,
       editor = {{Evans}, Christopher J. and {Bryant}, Julia J. and {Motohara}, Kentaro},
       series = {Society of Photo-Optical Instrumentation Engineers (SPIE) Conference Series},
       volume = {11447},
        month = dec,
          eid = {114470L},
        pages = {114470L},
          doi = {10.1117/12.2561132},
       adsurl = {https://ui.adsabs.harvard.edu/abs/2020SPIE11447E..0LS},
      adsnote = {Provided by the SAO/NASA Astrophysics Data System}
}

@ARTICLE{2005PASA...22..118G,
       author = {{Graham}, Alister W. and {Driver}, Simon P.},
        title = "{A Concise Reference to (Projected) S{\'e}rsic R$^{1/n}$ Quantities, Including Concentration, Profile Slopes, Petrosian Indices, and Kron Magnitudes}",
      journal = {\pasa},
     keywords = {galaxies: structure, galaxies: fundamental parameters, methods: analytical, methods: data analysis, Astrophysics},
         year = 2005,
        month = jan,
       volume = {22},
       number = {2},
        pages = {118-127},
          doi = {10.1071/AS05001},
archivePrefix = {arXiv},
       eprint = {astro-ph/0503176},
 primaryClass = {astro-ph},
       adsurl = {https://ui.adsabs.harvard.edu/abs/2005PASA...22..118G},
      adsnote = {Provided by the SAO/NASA Astrophysics Data System}
}

@ARTICLE{2018PASP..130f4505T,
       author = {{Tonry}, J.~L. and {Denneau}, L. and {Heinze}, A.~N. and {Stalder}, B. and {Smith}, K.~W. and {Smartt}, S.~J. and {Stubbs}, C.~W. and {Weiland}, H.~J. and {Rest}, A.},
        title = "{ATLAS: A High-cadence All-sky Survey System}",
      journal = {\pasp},
     keywords = {Astrophysics - Instrumentation and Methods for Astrophysics},
         year = 2018,
        month = jun,
       volume = {130},
       number = {988},
        pages = {064505},
          doi = {10.1088/1538-3873/aabadf},
archivePrefix = {arXiv},
       eprint = {1802.00879},
 primaryClass = {astro-ph.IM},
       adsurl = {https://ui.adsabs.harvard.edu/abs/2018PASP..130f4505T},
      adsnote = {Provided by the SAO/NASA Astrophysics Data System}
}
@ARTICLE{2025arXiv250701343C,
       author = {{Choi}, Yumi and {Olsen}, Knut A.~G. and {Carlin}, Jeffrey L. and {Yuankun} and {Wang} and {Moolekamp}, Fred and {Saha}, Abi and {Sullivan}, Ian and {Slater}, Colin T. and {Tucker}, Douglas L. and {Adair}, Christina L. and {Ferguson}, Peter S. and {Kang}, Yijung and {Pe{\~n}a Ram{\'\i}rez}, Karla and {Rabus}, Markus},
        title = "{47 Tuc in Rubin Data Preview 1: Exploring Early LSST Data and Science Potential}",
      journal = {arXiv e-prints},
     keywords = {Solar and Stellar Astrophysics, Astrophysics of Galaxies, Instrumentation and Methods for Astrophysics},
         year = 2025,
        month = jul,
          eid = {arXiv:2507.01343},
        pages = {arXiv:2507.01343},
          doi = {10.48550/arXiv.2507.01343},
archivePrefix = {arXiv},
       eprint = {2507.01343},
 primaryClass = {astro-ph.SR},
       adsurl = {https://ui.adsabs.harvard.edu/abs/2025arXiv250701343C},
      adsnote = {Provided by the SAO/NASA Astrophysics Data System}
}

@ARTICLE{2025RNAAS...9..171W,
       author = {{Wainer}, Tobin M. and {Davenport}, James R.~A. and {Bellm}, Eric C. and {Wang}, Yuankun (David) and {Caplar}, Neven and {Burdett}, Elliott S. and {Shipp}, Nora and {Parejko}, John K. and {Thoron}, Gray and {Butler}, Eric and {Salwa}, Maya and {Howard}, Erin Leigh and {Marie Smart}, Brianna and {Beebe}, Wilson and {Ghosh-Coutinho}, Ishan F. and {Abel}, Bob and {Ivezi{\'c}}, {\v{Z}}eljko},
        title = "{Crowded Field Photometry with Rubin: Exploring 47 Tucanae with Data Preview 1}",
      journal = {Research Notes of the American Astronomical Society},
     keywords = {Globular star clusters, Photometry, Star clusters, 656, 1234, 1567, Astrophysics of Galaxies},
         year = 2025,
        month = jul,
       volume = {9},
       number = {7},
          eid = {171},
        pages = {171},
          doi = {10.3847/2515-5172/adecef},
archivePrefix = {arXiv},
       eprint = {2507.03228},
 primaryClass = {astro-ph.GA},
       adsurl = {https://ui.adsabs.harvard.edu/abs/2025RNAAS...9..171W},
      adsnote = {Provided by the SAO/NASA Astrophysics Data System}
}
